1809 2934
191 443 349 494 EPITOME
366 441 463 492 LIBRI
479 438 607 490 TERTII.

63 566 206 614 Smtrsorsss
223 566 252 613 de
266 567 359 629 sgrsrlis
375 566 462 628 legibus
478 566 552 614 facte
587 564 734 628 Capitolium

61 633 86 678 sb
95 632 211 680 exsuhlsus
224 639 248 678 et
258 632 329 678 seruis
339 640 478 692 occupatum,
496 631 562 678 nnsis
575 631 603 677 iis
617 639 732 693 receptum

60 705 100 744 est.
136 694 228 746 Census
237 697 272 742 bis
282 704 346 744 setus
360 703 408 743 est:
427 697 582 759 priorelustso
597 711 664 743 censs
678 705 732 743 sunt

60 761 141 808 sirium
152 762 226 823 ospits
235 768 325 807 sentum
336 768 432 821 quatuor
442 762 512 808 millis
521 761 617 808 ducents
624 770 732 822 qustsmr·

59 825 136 881 decim.
149 833 232 888 praeter
243 827 308 872 orbos
317 826 436 887 orbusque:
457 826 566 886 sequenti,
578 834 668 873 centum
680 843 731 889 sep-

59 891 175 938 temdecim
187 890 256 937 millis
266 890 361 937 ducenta
371 890 533 938 novensem.
553 889 613 940 Cum
624 892 731 939 sdversus

59 955 148 1017 AEquos
159 970 195 1002 res
203 955 262 1002 mule
271 963 336 1018 geste
343 962 408 1008 esset,
421 954 450 1002 L.
464 955 571 1009 Quintius
582 955 730 1004 Cincinnatus

59 1018 152 1068 iietstm
166 1019 246 1074 lectus,
265 1033 316 1067 eum
328 1035 379 1066 rure
388 1020 488 1067 intentus
499 1021 581 1067 rustico
592 1037 606 1067 o
635 1022 727 1076 siesset,

57 1084 84 1130 srl
101 1085 125 1131 id
143 1085 226 1130 bellum
245 1085 368 1146 gerendum
387 1086 506 1132 uroessitus
527 1092 568 1132 est.
625 1101 636 1133 s
655 1088 728 1136 riotos

57 1149 131 1197 hostes
139 1150 269 1212 subjugum
280 1150 348 1196 misit·
382 1149 534 1197 Tribunatum
542 1150 611 1212 pletis
619 1166 726 1199 numerus

56 1215 171 1277 smplistus
182 1220 224 1267 est,
242 1221 268 1260 ut
278 1220 353 1261 essent
362 1214 446 1268 decan,
464 1215 580 1278 trigesimo
591 1224 655 1263 sexto
666 1231 726 1264 enno

56 1293 68 1325 s
82 1279 160 1342 primis
176 1278 271 1326 tribunis
285 1279 361 1341 plebis.
397 1278 478 1327 Petitis
490 1295 531 1342 per
544 1281 638 1343 legstos,
656 1289 679 1328 et
693 1282 726 1328 sl-

55 1343 103 1392 lstis
118 1344 204 1392 Atticis
219 1344 312 1406 legibus,
330 1343 359 1390 sd
369 1345 535 1391 constituendus
550 1361 587 1391 ess
598 1361 725 1407 proponen-

54 1409 135 1472 dssque
149 1409 269 1456 decemviri
285 1425 326 1472 pro
341 1409 475 1461 consulibus,
494 1411 541 1455 sine
551 1410 601 1454 ullis
612 1410 660 1455 eliis
674 1425 723 1457 ms·

53 1476 189 1536 ginmtibtss,
206 1474 281 1526 creati,
293 1474 363 1520 altero
374 1480 398 1520 et
408 1473 563 1520 trecentesimo
574 1488 640 1525 enno,
656 1489 723 1533 quem
806 1506 811 1522 .

54 1539 129 1587 Rome
139 1539 230 1586 oondits
240 1546 300 1585 eret:
320 1545 349 1592 et,
368 1545 418 1594 ut,s
428 1539 517 1598 regibus
527 1536 556 1583 sd
566 1537 675 1590 consules,
693 1539 725 1585 its

53 1605 212 1651 sconsulibus
234 1602 262 1649 sd
283 1602 421 1650 decemviros
443 1602 574 1648 tnnslsmm
596 1600 720 1662 imperium.

54 1668 92 1724 lli,
110 1669 190 1715 desan
201 1668 367 1730 tabulislegum
383 1667 468 1729 positis,
485 1681 537 1712 eum
554 1666 654 1713 modeste
666 1667 723 1713 sein

52 1749 77 1780 eo
92 1735 181 1780 honore
199 1733 328 1795 gessissent,
347 1740 369 1779 et
388 1733 416 1778 ob
435 1731 458 1778 id
476 1731 500 1776 in
518 1731 612 1777 alterum
631 1746 722 1792 quoque

51 1813 134 1845 sunum
145 1799 250 1845 eumdem
264 1812 313 1844 esse
327 1796 483 1859 magistratum
495 1795 620 1858 placuisset,
638 1796 723 1844 dusbus

51 1864 128 1910 tubulis
143 1862 172 1909 sd
187 1863 264 1909 deoem
279 1861 376 1924 adjectis,
394 1877 444 1908 oum
461 1861 575 1922 complure
588 1861 722 1923 impotenter

49 1927 160 1981 fecissent,
179 1927 336 1988 magistratum
347 1927 467 1972 noluerunt
477 1925 593 1988 deponere,
612 1935 635 1973 et
644 1927 668 1974 in
677 1935 722 1974 ter·

50 1993 104 2040 tium
112 2008 199 2040 annum
211 1992 363 2047 retinuerunt;
381 1991 452 2037 donee
462 1991 534 2037 inviso
542 2007 620 2037 eorum
628 1993 721 2056 imperio

50 2057 115 2106 inem
123 2057 200 2105 attulit
210 2056 278 2102 libido
289 2055 334 2118 Ap
346 2054 450 2113 chotin
468 2056 512 2117 qui,
525 2072 576 2103 eum
586 2057 610 2103 in
621 2073 720 2104 smorem

50 2124 140 2186 virginis
156 2121 278 2173 incidisset,
296 2121 411 2174 submisso,
430 2120 467 2182 qui
486 2136 536 2167 eum
551 2122 575 2168 in
591 2123 721 2170 servitutem

49 2197 138 2250 peteret,
165 2186 320 2234 nenessitatem
339 2185 397 2247 petri
415 2187 463 2247 ejus
482 2185 588 2247 Virginio
605 2187 718 2250 imposuit

49 2261 110 2315 rspto
118 2267 148 2300 ex
156 2249 250 2298 tuberni
259 2248 362 2313 proximi
372 2250 450 2302 cultro,
461 2257 486 2296 ut
493 2249 560 2296 filiam
568 2252 705 2299 interimeret
710 2271 719 2311 ;

48 2333 97 2364 sum
113 2318 180 2364 sliter
194 2332 245 2363 esm
262 2315 319 2362 tueri
336 2330 382 2362 non
400 2321 483 2376 posset,
501 2329 530 2361 ne
549 2316 572 2361 in
588 2324 720 2379 potestatem

49 2391 148 2445 stuprum
163 2381 246 2428 illaturi
264 2380 356 2427 veniret.
393 2378 447 2425 Hoc
458 2387 505 2425 tum
519 2395 610 2442 msgnae
625 2381 721 2427 luxuriae

48 2447 151 2509 exeinplo
159 2446 222 2508 plebs
233 2445 323 2492 ineitsts
334 2451 434 2490 montem
446 2443 587 2490 Aventinum
594 2445 717 2505 occuparit,

47 2508 619 2648 mmmmm
628 2523 720 2634 {et

48 2646 182 2692 meruerunt.
200 2638 224 2684 in
235 2653 346 2685 osreerem
360 2637 471 2701 conjecti3
488 2643 564 2686 ooeterr
578 2637 602 2681 in
616 2637 718 2682 exsilium
