1809 2934
216 144 347 199 rculvrl
364 144 416 196 Lm
430 143 479 194 111.
500 144 559 197 Cur.
573 148 612 199 55.
700 154 746 198 19⁷

74 275 190 327 occurrit:
215 277 397 339 congrumlsutur
414 273 538 325 libertatem
560 276 746 338 concordiamque

75 343 163 392 nunti
179 342 310 389 restitutum.
344 341 427 403 Legati
442 354 484 402 pro
500 340 623 387 conciones
647 340 746 394 “Quod

75 411 170 461 bonum
187 406 293 460 faustum
310 406 408 467 felixque
423 408 452 452 sit
466 406 537 459 vobis,
555 406 630 465 reique
644 405 744 465 publlcae,

77 473 150 524 redite
166 472 190 518 in
205 472 306 533 putrium,
325 471 354 517 sd
369 480 467 532 penates,
489 472 603 531 conjuges,
623 470 747 529 liberosque

76 545 183 587 vultos:
207 537 254 589 sed,
273 533 317 596 qud
334 536 371 582 bic
386 532 495 584 modestid
510 534 590 587 fuistis,
610 533 647 579 ubi
663 534 746 581 nullius

76 618 131 665 eger
146 603 173 648 in
188 608 224 649 tot
239 616 313 647 rerum
329 615 372 647 usu
387 600 511 647 necessario
526 606 595 645 tsntae
610 598 746 645 multitudini

76 676 114 717 est
131 666 237 718 violaturo,
257 680 306 713 erm
324 664 454 713 modestiam
472 664 529 711 ferte
546 664 570 710 in
589 662 681 712 Urbem.
717 661 747 715 In

76 732 222 781 amorinum
235 730 274 784 ite,
289 729 349 775 unde
362 729 455 791 profecti
469 728 528 775 estis.
565 726 606 781 lbi,
618 710 677 774 felici
687 728 746 781 loco,

77 796 117 847 nbi
126 797 199 857 prims
211 794 274 841 initia
287 792 407 850 incbodstis
421 794 528 840 libertatis
541 800 630 845 vestrae,
647 793 747 839 tribunos

76 862 149 925 plebis
166 860 283 907 creabitis:
302 866 385 921 praesto
402 860 445 905 erit
458 856 558 919 pontifex
573 858 690 911 maximus,
708 857 747 917 qui
834 904 836 912 ,

77 922 286 974 mffiombeoe”
311 922 397 985 Ingens
405 922 748 983 assensusslecritusquecuncts

76 990 248 1054 opprobontium
257 988 308 1035 fuit.
342 986 480 1038 convellunt
490 987 541 1033 inde
550 986 627 1051 signu
643 986 748 1047 proiecti-

77 1072 124 1119 μ
140 1055 249 1107 Romam
268 1059 355 1100 certant
372 1067 423 1099 cum
442 1052 513 1099 obviis
531 1051 619 1113 gaudio.
658 1048 747 1097 Armati

76 1136 120 1185 per
140 1120 219 1167 urbem
237 1118 325 1165 silentio
342 1118 366 1163 in
385 1117 524 1165 Aventinum
542 1116 689 1177 perveniunt:
717 1115 746 1161 ibi

77 1184 201 1247 extempio,
212 1182 317 1245 pontifice
326 1182 423 1229 maximo
434 1182 524 1228 comitio
534 1181 634 1233 habente,
647 1180 747 1227 tribunos

76 1251 150 1314 plebis
168 1255 306 1300 creovenmt,
328 1247 428 1293 omnium
448 1246 544 1307 primum
563 1246 594 1291 A.
608 1244 745 1307 Virginium,

77 1316 133 1365 inde
147 1312 286 1366 moinum,
301 1319 324 1359 et
339 1310 366 1357 P.
377 1310 530 1358 Numitorium
546 1308 680 1355 svrrnculum
691 1308 746 1353 Vir·

77 1380 157 1445 ginis-2
169 1384 270 1425 suctores
280 1376 417 1423 secessmnis.
451 1374 475 1423 T
475 1389 513 1420 um
525 1370 553 1421 C.
566 1372 679 1424 Sicinium,
693 1388 746 1432 pro-

78 1436 746 1567 tumibttttutttmtttusu

76 1575 143 1627 lim
151 1572 191 1634 qui
197 1572 333 1618 tribunatum
341 1569 452 1629 insignem
461 1534 654 1615 antedecerirviros
661 1569 747 1612 creatos

76 1644 188 1753 m
210 1650 253 1683 nec
273 1637 297 1681 in
317 1632 498 1681 decemviralibus
516 1628 671 1677 certaminibus
689 1626 747 1687 plebi

223 1701 268 1763 Spe
286 1698 365 1746 deinde
382 1698 461 1759 magis,
481 1709 547 1756 qusm
563 1692 654 1745 meritis,
674 1691 745 1745 electi,
847 1694 850 1713 ¹

74 1770 117 1824 u.
125 1767 233 1819 Tutatio,
244 1765 281 1812 M.
290 1763 435 1825 Pomponius,
448 1758 477 1809 C.
487 1758 608 1822 Apronius,
620 1756 648 1803 P.
656 1754 746 1809 Villius,

76 1832 110 1885 c.
126 1832 222 1894 Oppius.
262 1828 387 1875 Tribunatu
407 1827 469 1880 inito,
493 1824 521 1871 1.
540 1822 616 1870 Icilius
635 1820 747 1881 extemplo

74 1899 167 1965 plebum
182 1895 278 1957 rogavit,
296 1901 320 1940 et
337 1893 399 1954 plebs
414 1892 486 1943 seivit,
506 1904 536 1935 ne
551 1888 586 1935 eui
601 1885 672 1933 fraudi
688 1892 748 1933 esset

76 1962 178 2013 acesio
188 1956 425 2007 obdsoemririslsots.
451 1953 576 2003 Confestim
584 1953 612 1998 de
620 1950 747 1999 consulibus

73 2027 182 2077 annulis
199 2040 251 2071 cum
271 2022 428 2085 provocatione
446 2019 483 2066 M.
497 2018 590 2065 Duilius
607 2016 745 2077 rogationem

74 2092 179 2161 pabulis
205 2088 243 2137 Es
252 2089 327 2135 omnia
336 2088 359 2133 in
370 2086 439 2147 pratis
449 2083 565 2131 Flaminiis
576 2081 669 2128 concilio
677 2080 747 2141 plebis

74 2165 137 2211 acts,
148 2170 217 2217 quem
227 2168 288 2200 nunc
298 2151 390 2201 OErcum
401 2149 536 2197 liminium
546 2147 662 2208 appellant.

113 2220 169 2269 Lv.
191 2218 236 2266 Per
253 2219 389 2278 interregem
404 2214 484 2261 ddnde
500 2212 602 2259 consules
618 2209 693 2261 ermti,
714 2206 743 2253 L.

77 2286 193 2338 Valerius,
211 2283 248 2330 Μ.
262 2282 388 2337 Horatius3
409 2279 447 2340 qui
464 2277 575 2338 extemplo
592 2276 746 2336 magistratum

73 2355 228 2413 comperiunt:
249 2362 344 2408 quonum
359 2344 487 2391 consulatus
501 2341 613 2404 popularis
635 2340 682 2385 sine
702 2332 747 2382 ulid

79 2416 177 2465 Petrum
195 2411 282 2474 injurii,
302 2426 345 2458 uec
363 2411 411 2456 sine
428 2407 550 2456 offensione
565 2404 620 2451 fuit:
643 2399 748 2463 quidquid

74 2481 140 2529 nim
150 2478 247 2525 libertati
256 2477 326 2541 plebis
335 2482 458 2526 caveretur,
469 2473 492 2517 id
504 2472 548 2518 suis
556 2468 662 2516 decedere
670 2465 748 2526 opibus

73 2545 207 2593 moebmt.
241 2542 349 2589 Omnium
359 2540 462 2602 primum,
479 2552 529 2583 cum
544 2534 613 2582 veluti
623 2534 647 2576 iu
658 2534 748 2576 contro·

76 2625 147 2659 verso
163 2610 217 2671 jure
237 2614 303 2660 essct,
325 2611 483 2653 tenerenturne
502 2600 581 2647 Putres
599 2590 747 2659 plebis-scitis,

74 2676 155 2739 legen
162 2672 293 2722 ommno»
301 2670 397 2723 moritis
407 2664 487 2719 tuldre,
501 2672 516 2694 “
525 2664 567 2717 Ut,
574 2660 639 2722 ,quod
649 2655 748 2723 tributim

178 2778 185 2792 ,
485 2733 522 2776 sss
