1809 2934
218 138 248 187 Τ.
261 138 349 188 LIVII
365 139 418 188 Lu·
432 139 478 188 VI·
498 139 557 190 Car.
571 144 611 189 37.
702 145 750 190 887

77 283 179 317 nervum
194 283 221 316 ae
236 269 343 332 supplicia
357 270 422 316 dare:
444 278 468 318 et
483 271 594 333 gregatim
609 270 708 330 quotidie
724 272 753 318 de

77 333 132 379 foro
147 333 247 380 addictas
262 335 319 388 duci,
336 343 359 381 et
374 335 452 396 repleri
467 337 548 381 vinetis
559 336 643 382 nobiles
654 335 751 382 domos?

76 405 109 451 et,
122 398 257 507 upimunque
267 399 371 461 patricius
382 400 472 452 habitet,
484 401 513 446 ibi
522 415 632 447 carcerem
640 401 751 462 privatum

76 477 131 509 me
150 461 166 481 9!

113 526 252 573 XXXVII.
271 527 331 576 Haee
339 529 431 591 indigna
438 529 606 590 miserandaque
614 530 689 576 auditu
698 543 749 576 aum

76 592 140 654 apud
149 593 255 639 timentes
265 594 429 656 sibimetipsos,
441 596 526 656 majore
533 594 669 641 audientium
677 594 752 656 indig-

76 657 178 710 natione,
195 673 262 717 quam
274 656 320 710 sui,
336 659 523 722 increpuissentz·
533 659 617 719 “atqui
631 673 671 705 nec
682 673 749 720 agros

75 721 203 783 occupandi
222 721 322 775 modum,
344 739 386 770 nee
406 724 494 771 soenore
512 723 635 771 trucidandi
654 724 748 785 plebem,

57 795 61 802 “
74 787 147 832 alium
160 785 264 834 Patribus
274 802 372 848 unquam
381 787 457 842 fore‚'’
472 789 616 840 affirmabant,
634 795 650 817 ‘⁴
661 788 703 834 nisi
718 788 752 834 al·-

74 859 153 898 terum
172 866 203 897 ex
220 852 284 913 plebe
299 854 421 907 consulem,
441 854 555 900 emtodem
573 869 620 900 suoe
635 853 749 904 libertatis,

74 916 153 977 plebes
162 915 261 963 fecisset.
288 915 410 965 Contemni
416 919 465 980 jam
474 919 572 965 tribunos
581 918 656 980 plebis,
669 918 751 979 quippe

74 995 130 1041 quae
139 983 293 1043 P⁰t2⁸l⁸⁸j⁸m
304 997 366 1029 suam
376 984 479 1045 ipsasim
486 983 575 1046 frangat
582 983 747 1030 intercedendo.
784 989 785 993 ’

74 1045 135 1091 Non
145 1061 213 1107 posse
225 1061 291 1107 aequo
301 1049 354 1109 jure
367 1049 412 1110 agi,
428 1050 465 1095 ubi
480 1050 596 1110 imperium
611 1063 680 1110 penes
690 1047 748 1100 illos,

73 1124 147 1172 penes
158 1126 183 1156 se
193 1111 299 1158 aurdlium
310 1120 397 1159 tantum
409 1114 446 1160 sit.
482 1113 533 1158 Nisi
543 1115 636 1174 imperio
647 1127 750 1160 commu-

73 1176 159 1228 nieato,
172 1189 285 1236 nunquam
296 1177 381 1236 plebem
392 1178 416 1222 ia
426 1185 490 1238 parte
497 1179 546 1238 pari
553 1179 677 1238 reipublicae
685 1177 746 1224 lore:

75 1255 120 1286 nec
136 1255 193 1292 esse,
212 1241 272 1300 quod
287 1240 405 1300 quiapuam
422 1241 476 1286 eatis
491 1248 561 1301 putet,
580 1241 598 1285 si
614 1241 749 1301 plebeiomm

74 1304 135 1350 ratio
154 1305 250 1350 comitiis
271 1303 423 1350 consularibus
445 1303 634 1350 babes'tirr:‘nisi
655 1305 749 1350 alterum

74 1369 194 1416 consulem
204 1369 282 1429 utique
292 1382 322 1413 ex
335 1368 398 1428 plebe
412 1367 461 1413 lieri
476 1382 568 1414 necesse
584 1367 619 1420 ait,
636 1368 748 1414 neminem

73 1433 132 1480 fore
162 1433 202 1479 An
208 1435 257 1495 jam
267 1429 376 1478 munatii
385 1432 466 1486 exisse,
478 1447 530 1478 eum
541 1433 642 1478 tribunos
652 1432 748 1478 militum

73 1499 161 1546 idcirco
170 1499 252 1562 potius,
264 1513 332 1558 quam
341 1497 453 1550 consules,
469 1497 539 1543 creari
550 1497 675 1558 placuisset,
690 1503 715 1542 ut
726 1503 750 1543 et

74 1563 169 1626 plebeiis
175 1570 261 1624 pateret
269 1577 370 1609 amamus
378 1562 458 1615 bonos,
468 1567 563 1622 quatuor
571 1569 593 1607 et
602 1562 749 1623 quadraginta

73 1629 143 1675 annis
157 1628 269 1673 narnia·
285 1641 315 1674 ex
330 1627 394 1689 plebe
408 1627 523 1672 tribunum
539 1627 635 1674 militum
650 1633 749 1672 creatum

74 1692 144 1740 esse?
164 1689 224 1754 [Qui
236 1691 373 1756 crederent]
384 1691 500 1754 duobusne
511 1693 534 1737 in
546 1692 601 1738 locis
617 1689 657 1737 sud
668 1691 749 1737 volun-

75 1765 124 1805 tate
133 1757 285 1820 impertituros
295 1757 353 1819 plebi
367 1759 485 1810 honorem,
501 1757 538 1817 qui
550 1764 631 1802 octona
645 1756 694 1802 loca
708 1755 749 1801 tri·

73 1822 142 1870 bunis
157 1822 255 1868 militum
272 1823 373 1868 creandis
391 1837 501 1884 occupare
517 1821 576 1868 soliti
594 1821 656 1867 aiat?
681 1827 705 1866 et
720 1818 749 1866 ad

74 1886 218 1934 consulatum
226 1888 285 1934 viam
293 1887 342 1934 fieri
349 1902 461 1949 passuros,
470 1888 508 1949 qui
516 1887 652 1933 tribunatum
661 1892 748 1946 septum

74 1962 123 2000 tam
142 1951 180 1996 diu
198 1952 333 1998 habuerint?
364 1951 429 2014 Lege
448 1951 593 2000 obtinendum
612 1965 667 2003 esse,
688 1950 748 2010 quod

74 2017 173 2066 comitiis
187 2032 227 2078 per
241 2017 337 2079 gretiam
352 2025 462 2078 nequeat;
483 2024 506 2064 et
521 2016 672 2078 seponendum
685 2022 749 2061 extra

74 2089 189 2130 aertamen
204 2081 298 2127 alterum
313 2083 461 2136 consulatum,
477 2083 506 2128 ad
516 2097 581 2143 quem
594 2081 651 2143 plebi
666 2081 695 2126 sit
709 2080 749 2128 ad.-

73 2150 135 2204 itus;
142 2146 254 2206 quoniam
265 2146 289 2191 ia
298 2148 418 2193 certamine
426 2148 523 2200 relictus,
535 2147 651 2208 praemium
660 2159 748 2206 semper

74 2211 208 2276 potentioris
217 2210 306 2257 lirturus
317 2211 353 2257 sit.
389 2210 440 2258 Nec
448 2213 497 2274 jam
508 2227 574 2274 posse
584 2212 626 2258 dici
640 2211 670 2264 id,
687 2209 748 2271 quod

75 2283 143 2324 antea
152 2277 238 2338 jactare
248 2275 307 2322 soliti
322 2276 375 2329 sint,
389 2291 436 2322 non
451 2292 501 2324 esse
514 2278 537 2322 in
551 2278 640 2338 plebeiis
655 2276 748 2321 idoneos

74 2341 138 2388 viros
148 2341 177 2387 ad
186 2341 274 2388 curules
284 2342 434 2403 magistratus.
470 2341 586 2402 Numquid
597 2343 656 2386 euim
670 2352 747 2384 saeor-

75 2407 128 2454 dius
135 2412 174 2450 aut
182 2407 272 2466 segnius
280 2406 437 2467 rempublicam
447 2406 594 2453 administrari
605 2410 656 2464 post
667 2401 695 2446 P.
705 2399 747 2446 Li-

76 2470 130 2517 ctaii
144 2468 210 2517 calvi
222 2461 364 2522 tribunatum,
383 2471 421 2529 qui
436 2471 521 2530 primus
537 2483 565 2514 ex
581 2468 644 2526 plebe
659 2473 747 2512 creatus

77 2536 114 2589 sit,
126 2549 193 2595 quam
203 2549 243 2594 per
253 2549 292 2580 eos
299 2549 371 2580 annos
378 2542 444 2594 gesta
451 2535 486 2586 sit,
499 2533 577 2592 quibus
587 2537 669 2590 praeter
678 2531 747 2590 patri-

78 2601 126 2647 cias
139 2613 206 2645 nemo
220 2598 322 2644 tribrmus
336 2598 432 2643 militum
446 2596 530 2643 fuerit?
549 2595 602 2654 quin
617 2601 696 2641 contra
708 2609 748 2654 pa-

75 2664 154 2713 stubs
167 2663 253 2725 aliqum
266 2663 384 2710 damnatos
401 2668 453 2723 post
471 2660 613 2712 tribunatum,
634 2658 746 2718 neminem

808 2801 892 2908 Δ
