1809 2934
128 64 161 115 bo
249 14 251 18 Ι
280 57 408 119 T.L1vl1
424 58 478 109 Lu.
491 56 513 105 1.
530 53 592 108 Car.
607 62 645 106 ta

161 184 798 249 xv.Beu1ffidemuneonaponetrrtatveenanm

129 258 197 307 animi
213 263 236 305 et
253 254 452 317 consanguinitate,
478 253 541 315 (nam
566 249 686 299 Ftdenatea
708 266 801 315 quoque

129 322 222 373 Etrusci
238 317 339 380 fuemnt)
357 326 380 365 et
401 316 485 379 quod
478 332 526 379 rpaa
541 314 694 378 propinquitas
709 315 798 371 loci·
780 332 800 365 n
897 344 900 354 ,

129 387 235 435 Romana
245 400 306 431 arma
316 384 418 431 ommbus
427 380 510 428 infesta
518 380 618 427 finitimis
628 388 710 435 essent,
719 382 800 429 stimu-

129 451 214 529 labat,
208 466 231 497 m
246 449 303 495 fines
320 448 436 495 Romanos
452 451 633 499 excucurrerunt,
651 446 801 508 populabundi

130 516 209 593 magis,
233 528 300 576 quam
314 511 371 575 justi
387 526 449 559 more
467 510 526 559 belli.
562 507 642 570 Itaque
658 525 705 559 non
722 511 802 559 esuis

129 581 215 643 positis,
231 592 276 625 non
293 582 421 638 exspectato
438 574 536 622 boatium
552 574 657 629 exercitu,
675 581 802 637 raptamex

131 645 192 707 egris
208 642 306 705 praedam
327 647 455 715 portantca·
467 638 539 686 Veios
559 636 657 687 rediere:
683 638 803 688 Romanus

132 713 216 762 eontra,
228 714 345 769 postquam
353 704 455 752 bostem
448 718 472 751 ιιι
482 703 542 766 agris
554 704 697 759 noninvenit,
710 704 802 752 dimica·

131 772 187 819 tioni
198 772 283 819 ultimae
293 771 415 817 instructus
427 769 578 829 intentusque
590 767 690 815 Tiberim
705 770 800 817 transit·

132 851 199 897 quem
209 842 327 897 postquam
345 840 417 881 castra
425 848 516 895 ponere,
534 840 558 879 et
571 832 600 879 ad
612 834 688 880 urbem
699 849 804 881 aeneasan-

133 916 182 948 rum
193 899 301 947 Veientes
308 896 426 955 audivere3
443 898 531 945 obviarn
538 897 630 973 egressi,
640 898 745 960 ntpntius
755 897 805 945 acis

133 965 284 1018 decernerent.
296 978 363 1024 quam
373 932 452 1009 inclini
460 962 489 1009 de
498 962 564 1008 tectis
573 962 728 1023 moenibusque
738 962 804 1009 disni-

133 1036 216 1077 carent
251 1026 293 1081 Ibi,
308 1028 391 1075 viribus
403 1025 464 1075 nulli
477 1035 525 1073 arte
539 1026 626 1088 adjutis,
644 1033 731 1073 tantum
741 1034 805 1073 vete-

134 1095 182 1142 rani
193 1094 271 1139 robore
280 1092 391 1139 exercitas
402 1106 442 1139 rex
452 1091 571 1139 Romanus
578 1090 645 1137 vicit·
663 1099 806 1167 persecutus·

134 1174 178 1219 que
185 1158 248 1205 susos
258 1158 287 1204 ad
297 1158 380 1203 moenia
389 1157 472 1209 hostes,
488 1156 549 1209 urbe,
561 1154 633 1203 vniat
642 1156 712 1203 muria
722 1171 749 1203 ac
759 1156 806 1203 situ

134 1224 183 1285 ipsc
193 1220 286 1277 muniti,
298 1222 415 1269 abstinuit.
430 1220 675 1283 agrosrediensvasnt,
685 1220 806 1268 ulciscendi

135 1288 215 1363 magis,
233 1302 301 1348 quam
321 1285 411 1347 prmdae,
430 1285 512 1333 studio.
552 1281 634 1346 anue
654 1284 722 1339 clade,
746 1285 807 1334 baud

135 1352 209 1399 minus
225 1366 292 1411 quarn
302 1348 394 1397 adversa
407 1346 491 1413 pugni,
509 1349 593 1397 subacti
603 1348 711 1397 Veientes
727 1365 807 1412 pacem

135 1417 230 1493 petitum
248 1423 347 1462 oratores
357 1415 456 1462 Romam
466 1414 566 1461 minent.
601 1412 660 1477 Agri
670 1420 733 1477 parte
746 1414 807 1462 mul-

136 1480 188 1531 ntis
202 1481 226 1527 in
244 1488 334 1528 centum
352 1494 422 1527 annos
439 1478 535 1526 induciae
548 1478 614 1525 datae.
649 1478 710 1526 Haec
725 1478 806 1533 ferme

136 1544 237 1593 Romulo
253 1552 368 1607 regnante,
387 1544 447 1591 domi
463 1544 593 1619 militiasque
613 1549 807 1605 geata.quoru1n

136 1610 191 1657 nihil
201 1611 308 1657 absonum
322 1608 374 1656 fidei
390 1609 472 1657 divinae
481 1608 574 1670 originis
584 1607 809 1671 diuinitatisquepoat

136 1682 232 1721 mortem
243 1674 334 1723 creditae
342 1673 399 1731 fuit3
416 1687 463 1719 non
479 1672 567 1718 animus
578 1672 602 1718 in
612 1686 683 1733 ragno
699 1674 761 1722 avito
771 1688 810 1719 re-

137 1737 269 1799 cuperando,
288 1752 333 1785 non
346 1735 469 1785 condendae
481 1736 541 1783 urbia
551 1735 674 1789 consilium,
692 1752 738 1785 non
747 1738 809 1785 bello

137 1800 367 1863 aepacefirrnandae:
386 1800 462 1847 abillo
472 1800 532 1846 enim
545 1799 646 1861 profectu
657 1801 808 1851 vinbusdntia

138 1872 225 1914 tantum
239 1865 316 1919 valuit,
328 1865 370 1911 ut
363 1880 387 1911 ιιι
403 1863 551 1925 quadraginta
561 1864 640 1911 deinde
649 1880 721 1916 anans
734 1873 808 1915 artam

225 1929 322 1975 baberet.
357 1928 499 1975 Multitudiui
508 1936 648 1991 tamengratr
641 1930 729 1986 orfuit,
738 1946 808 2007 quam

137 1944 257 2051 mum
273 1994 342 2055 longe
352 2000 404 2043 ante
414 1992 470 2041 aliua
479 1994 644 2055 wceptisaimns
653 1995 749 2051 militum
759 1996 811 2043 ani-

139 2058 195 2107 mis:
215 2066 371 2119 trecentosque
391 2064 489 2105 annates
506 2058 535 2105 ad
555 2059 678 2107 custodiam
699 2061 808 2123 corporis.

101 2164 111 2176 ,
138 2138 196 2184 qnos
138 2120 432 2253 mCdlpnrpsappellarit,
444 2122 682 2179 noninbellosolurn,
694 2124 811 2176 sedetiam

286 2186 325 2237 uit

199 2242 255 2299 Ι.
262 2250 309 2299 Ηιι
325 2251 486 2301 immortalibus
506 2252 693 2317 aditiscperrbua,
711 2254 813 2303 cuman

139 2316 261 2365 excretum
269 2316 428 2365 recensendum
439 2318 570 2367 concinnem
577 2319 602 2366 in
607 2334 686 2381 eampo
692 2318 721 2367 ad
727 2317 812 2382 Capru

139 2378 242 2491 paludem
252 2382 348 2437 baberet,
361 2382 434 2431 subito
444 2389 522 2431 οοοιιιι
531 2390 652 2446 tempestas
662 2398 714 2431 cum
724 2398 812 2446 magne

150 2446 229 2509 ragone
238 2447 400 2509 tonitnbnsque
409 2454 456 2495 tarn
466 2447 536 2496 danao
546 2464 623 2511 regam
629 2448 716 2511 operuit
726 2448 810 2503 nimbo.

141 2517 167 2557 ut
173 2518 317 2574 con
217 2512 375 2576 spectumejut
386 2512 489 2561 caucium
482 2512 626 2563 'annuere
644 2527 687 2561 nec
696 2511 792 2560 deinde
786 2528 811 2559 ιιι

140 2572 328 2653 *erastinum
343 2576 393 2629 tut.
427 2576 811 2651 sempeternum„
