1809 2934
170 148 220 195 204
301 142 332 189 Τ.
346 140 434 193 LIVII
450 140 502 190 Lus.
518 144 565 194 111.
587 141 646 193 Cur.
657 146 696 191 til.

170 280 233 320 tores
244 272 371 319 dimittunt:
391 272 511 319 recurritur
527 248 556 315 ex
570 272 678 333 proximis
692 273 764 331 locis;
782 276 838 323 ulte·
889 336 890 339 Ἴ

170 338 241 383 riores
250 352 296 384 uon
303 338 395 383 inventi.
431 336 478 383 Ubi
488 334 567 387 illuxit,
580 337 693 397 egreditur
703 340 782 386 centris
791 341 839 388 Ro-
889 354 890 373 l

93 435 96 442 ,
171 416 258 455 manus,
269 403 352 449 vallum
366 403 491 454 invasurus,
503 400 526 445 ni
539 400 602 461 copie
614 416 697 463 pugnae
711 402 789 452 fieret:
807 414 838 460 et,

169 475 287 529 postquem
297 467 368 513 mults
373 468 421 527 jum
430 465 478 512 dies
489 472 542 517 erat,
555 479 627 525 neque
637 468 769 513 movebatur
776 471 840 529 quid·

169 537 237 591 quem
248 532 275 577 eb
285 532 356 583 hoste,
370 531 436 593 jubet
451 531 517 591 signa
533 528 609 575 inferri
624 532 715 577 consul:
735 532 840 595 motique

167 596 225 649 ecie,
238 594 361 656 indignatio
370 594 460 653 AEquos
468 601 492 640 et
499 593 596 640 Volscos
608 594 706 649 incessit,
717 597 841 649 sirictoru

169 660 280 708 exercitus
290 659 373 705 vellum
383 659 539 719 potiusquam
546 658 716 706 virtuseturme
723 668 837 724 tegerent:

170 724 240 785 igitur
249 724 272 769 ei
282 722 324 783 ipsi
336 721 483 783 efflagitatum
499 723 527 768 sb
540 722 632 769 ducibus
649 724 739 786 signum
757 742 840 789 pugnae
889 750 890 755 =

169 784 281 848 accepire.
314 784 412 846 Jamque
422 802 473 847 pers
480 801 570 848 egresse
577 788 647 847 portis
658 796 712 843 erat,
725 790 840 855 deinceps-
889 808 890 847 ᾗ

168 866 212 912 que
228 850 265 897 elii
283 851 400 897 servabant
414 850 522 903 ordinem,
538 851 562 899 in
578 866 643 898 suum
657 853 753 915 quisque
766 856 840 904 locum
889 892 890 917 3

166 914 333 968 descendentes,
344 930 397 961 cum
405 916 486 963 consul
493 914 611 964 &manus
624 918 693 979 prius,
709 934 779 978 qusm
789 923 841 969 totis
889 932 890 959 ἓ

168 979 252 1026 viribus
266 978 324 1025 fulta
340 987 453 1026 constaret
467 980 565 1025 hostium
578 982 646 1035 acies,
666 983 744 1030 intulit
761 985 837 1047 signs:

168 1043 301 1103 adortusque
315 1058 357 1089 nec
371 1059 450 1089 omnes
464 1044 517 1089 dum
534 1044 633 1099 eductos,
651 1061 700 1100 nec,
713 1050 753 1109 qui
766 1059 839 1105 erunt,

167 1108 222 1155 setis
237 1108 352 1169 explimtis
368 1107 488 1160 ordinibus,
503 1124 574 1171 prope
589 1108 736 1159 fluctuantem
752 1116 839 1163 turbem

167 1172 323 1233 trepidantium
330 1173 375 1218 lruc
384 1179 451 1231 etque
460 1173 520 1227 illuc,
533 1174 809 1240 circumspectantiumque
817 1195 840 1227 se

167 1250 197 1283 se
205 1251 265 1289 euos,
276 1236 351 1283 addito
361 1237 454 1283 unbstis
465 1238 575 1285 mentibus
586 1239 682 1287 sumere
689 1249 759 1303 atque
768 1244 840 1307 impe·

167 1308 200 1353 tu,
212 1301 304 1347 invadit.
338 1298 446 1348 Reuere
461 1302 532 1364 primo
547 1302 627 1364 pedem
640 1304 730 1353 hostes:
750 1308 837 1363 deinde,

167 1380 220 1412 oum
230 1365 317 1413 enimes
327 1366 476 1427 collegissent,
486 1374 510 1413 et
520 1367 616 1428 undique
627 1368 702 1423 duces,
715 1377 733 1400 ‘⁴
745 1372 839 1425 victisne

164 1431 250 1477 cessuri
259 1429 360 1483 essent,”
371 1431 516 1491 increparent,
526 1432 648 1479 restituitur
654 1449 739 1497 pugne.

199 1493 268 1541 LXL
289 1494 376 1544 Consul
394 1510 423 1541 ex
438 1493 507 1542 elteri
524 1504 587 1557 parte
600 1496 717 1546 Romsnos
732 1508 748 1531 ‘⁴
759 1504 839 1551 memi-
889 1458 890 1527 i

165 1560 226 1609 nisse
235 1558 250 1578 ’⁸
261 1561 360 1622 jubebat,
373 1566 389 1588 ‘⁴
397 1560 436 1606 illo
449 1560 485 1609 dle
503 1562 599 1621 primum
617 1562 697 1611 liberos
713 1581 757 1627 pro
770 1567 839 1615 liberi

166 1625 221 1676 urbe
230 1622 335 1674 Romani
350 1639 457 1685 pugnare
493 1624 586 1673 sibimet
602 1626 656 1687 ipsis
669 1629 777 1685 victuros,
791 1648 838 1679 non

166 1695 192 1735 ut
215 1689 390 1736 decenumrum
411 1690 507 1736 victores
525 1691 642 1751 praemium
663 1702 746 1741 essent.
781 1696 838 1745 Non

166 1753 242 1813 Appio
255 1753 311 1799 duce
327 1768 375 1799 rem
392 1754 449 1814 geri,
468 1754 507 1801 sed
522 1755 614 1802 consule
622 1754 720 1812 Valerio,
733 1775 747 1807 s
758 1760 837 1809 libers,

79 1836 85 1851 =
166 1816 251 1863 toribus
267 1817 342 1877 populi
351 1816 450 1864 Romani
462 1826 518 1873 orto,
531 1819 647 1868 liberatore
660 1821 716 1883 ipso.
753 1824 837 1875 Osten-

165 1880 250 1932 detent,
262 1881 371 1941 prioribus
384 1882 469 1941 proeliis
482 1898 522 1943 per
535 1883 612 1938 duces,
628 1900 674 1932 non
689 1903 730 1949 per
744 1890 836 1945 milites,

165 1942 260 1997 stetisse,
272 1958 302 1991 ne
313 1944 435 1991 vincerent.
468 1946 545 2009 Turpe
555 1963 612 2002 esse,
628 1958 706 1999 contre
715 1954 779 2003 cives
788 1956 837 2018 plus

164 2006 232 2053 enimi
244 2007 352 2061 mbuisse,
368 2025 436 2070 quam
451 2018 529 2059 contre
542 2013 634 2071 hostem
651 2022 674 2063 et
687 2016 757 2073 domi,
766 2034 836 2079 quem

163 2067 226 2125 ibris,
244 2072 373 2118 servitutem
388 2074 461 2136 magis
478 2076 586 2125 timuisse.
622 2078 699 2127 Unam
708 2081 836 2145 virginium

162 2133 240 2187 fuisse,
252 2136 314 2197 cujus
325 2136 436 2197 pudicitiae
443 2140 468 2186 in
478 2156 533 2201 pecc
542 2142 665 2203 periculum
673 2154 733 2193 esset
738 2164 746 2205 ς
765 2163 836 2199 unum

163 2198 264 2259 Appium
283 2201 355 2247 civero
372 2203 504 2267 periculosae
524 2206 634 2255 libidinis:
653 2216 682 2263 et,
706 2211 837 2267 silortuns

163 2262 214 2308 belli
228 2263 325 2317 inclinet,
343 2267 443 2313 omnium
456 2268 530 2315 liberis
544 2270 572 2317 ab
586 2278 621 2318 tot
631 2272 727 2321 millibus
738 2275 837 2325 hostium

162 2327 285 2388 pericnlum
295 2328 350 2376 fore
386 2330 455 2378 Nolle
464 2334 564 2387 ominari,
577 2351 628 2396 quae
636 2351 679 2388 nec,
685 2336 784 2401 Jupiter,
795 2356 837 2389 uec

162 2390 229 2439 Mers
236 2400 299 2453 peter
308 2396 393 2455 pessuri
406 2396 451 2442 sint
463 2398 491 2443 iis
501 2399 604 2461 auspiciis
614 2402 710 2450 conditae
719 2406 768 2451 urbi
777 2408 836 2455 ecci·

161 2454 241 2503 derc.”
274 2457 383 2505 Aventini
405 2459 511 2522 Sacrique
531 2465 614 2511 montis
630 2466 772 2523 admonebat,
803 2478 834 2525 ut,

163 2528 180 2549 ‘⁴
192 2521 228 2567 ubi
239 2522 326 2569 libertus
336 2528 548 2587 pummsmpsucis
559 2535 611 2575 mte
618 2530 739 2589 mensibus,
751 2550 781 2581 eo
794 2536 835 2581 im-

162 2586 248 2645 perium
261 2587 367 2635 illibatum
384 2588 507 2649 referrent3
525 2593 716 2659 ostenderentque,
733 2599 835 2649 eumden

159 2649 258 2710 indolem
279 2653 383 2701 militibus
392 2652 504 2711 Romsuls
517 2665 571 2721 post
587 2666 678 2710 erectos
694 2662 835 2715 teoemrim
