1809 2934
214 127 244 176 Τ.
254 126 342 178 leu
359 128 412 178 bra·
423 129 458 178 11.
478 131 537 182 Car.
550 135 590 182 65.
691 142 736 187 187

68 257 139 311 deret
164 255 318 306 Hernicorum
338 260 453 308 cohortem
473 262 497 308 iu
514 263 633 311 emtiosem
650 265 740 324 educit,

67 322 191 370 sormidam
208 324 367 386 tubicinesque,
388 325 413 372 in
432 342 502 387 equos
520 329 644 390 impoo'tos,
661 345 741 379 ornere

68 396 119 436 mse
137 388 222 435 ulium
237 389 308 450 jubet,
332 389 496 453 sollicitumque
514 393 602 439 bostem
621 392 649 440 sd
667 393 742 442 lucem

67 460 148 500 tenere.
185 453 308 516 Reliquum
325 455 398 500 noctis
415 457 471 503 adeo
490 458 609 517 tranquilla
626 459 701 505 omnia
717 460 742 508 io

67 518 144 564 eastris
154 514 225 572 fixere,
244 526 269 566 ut
285 520 358 564 somni
373 534 463 582 quoque
477 520 588 568 Romanis
598 522 662 584 copia
671 531 737 570 esset.

67 581 165 630 voucos
183 584 268 644 species
283 590 418 630 annatorurn
431 585 538 647 peditum,
557 601 613 646 quos
628 594 652 633 et
667 588 740 649 plures

66 662 121 701 esse,
147 653 172 694 et
193 647 311 695 Romanos
331 649 445 710 putabunt,
469 649 572 696 fremitus
597 652 741 713 hinnitusque

66 727 183 774 equorum,
202 713 247 773 qui,
265 720 288 760 et
303 714 391 760 insueto
408 715 500 761 sedente
516 716 597 775 equite,
616 723 639 762 et
651 716 741 780 insuper

66 793 132 824 eures
148 777 250 839 agitante
266 778 347 831 sonitu,
366 781 493 834 saeviebantq
511 781 616 835 intentor,
634 782 741 830 velutad

65 842 96 888 im
187 842 293 894 bostium,
306 843 385 888 tenuit.

122 905 183 952 XV.
204 905 251 953 Ubi
265 907 345 960 illuxit,
363 907 488 963 Romanus,
506 910 594 972 integer
606 910 742 972 satiatusque

66 985 149 1018 mmno
164 971 287 1032 productus
301 973 325 1018 in
339 973 416 1025 eciem,
433 971 518 1020 ferrum
536 975 615 1022 stando
624 983 648 1022 et
659 976 742 1038 vigiliis

66 1035 181 1083 Volscum
196 1037 268 1098 primo
283 1037 368 1100 impetu
383 1037 490 1099 perculit:
509 1054 643 1100 qumquam
655 1038 742 1087 cessere

66 1100 150 1164 magis,
167 1114 234 1161 quam
249 1101 307 1163 pulsi
322 1102 398 1148 hostes
413 1109 480 1160 suut3
496 1104 548 1163 quia
558 1105 585 1151 ab
599 1113 664 1167 tergo
679 1112 744 1151 erant

66 1165 126 1218 clivi,
146 1165 170 1210 in
185 1179 242 1225 quos
256 1173 308 1227 post
322 1166 429 1229 principia
443 1167 538 1230 integris
553 1168 665 1216 ordinibus
679 1176 742 1216 tutus

66 1228 229 1292 reeeptusfuit.
265 1228 359 1284 Consul,
372 1230 742 1293 ubisdiniquumlocumventum

66 1301 108 1349 est.
129 1294 190 1342 sistit
200 1295 284 1341 eciem:
304 1295 368 1341 miles
379 1311 440 1358 aegre
450 1298 528 1352 teneri,
547 1298 643 1346 clamere
652 1305 675 1345 et
690 1315 742 1361 pos-

66 1375 126 1412 cere,
152 1366 178 1405 ut
196 1359 303 1420 perculsis
325 1359 408 1406 instare
428 1361 500 1408 liceat.
543 1361 650 1409 Ferocius
671 1371 743 1426 egunt

66 1425 170 1485 equites:
190 1423 319 1470 circumfusi
334 1424 384 1471 duci
397 1424 554 1480 vociferantur,
572 1442 596 1472 se
610 1434 662 1473 unte
677 1427 743 1490 signa

9 1523 10 1530 κ
66 1489 149 1536 ituros.
168 1487 234 1534 Dum
243 1496 360 1536 cunctatur
371 1489 456 1542 consul,
466 1491 549 1536 virtute
556 1491 651 1537 militum
662 1490 740 1543 treus,

66 1554 119 1600 loeo
129 1567 209 1615 perum
217 1552 295 1607 fidens,
314 1553 462 1605 conclamant
474 1554 592 1600 scituros:
612 1555 742 1601 clamorem-

67 1617 745 1737 urmsztrtuzsnutssnuu

66 1748 167 1810 primum
183 1746 291 1810 impeturn
303 1747 422 1795 missilibus
433 1747 490 1800 telis,
508 1762 562 1795 saxa
572 1750 695 1812 objacentis
704 1765 743 1811 pe-

66 1811 133 1860 dsbuo
144 1811 228 1874 ingerit
238 1813 261 1858 in
273 1813 399 1866 subeuntes,
419 1813 563 1873 turbatosque
572 1814 652 1860 ictibus
663 1815 745 1862 crebris

67 1883 138 1940 urget
153 1891 183 1923 ex
198 1877 312 1939 superiore
325 1877 390 1925 loco:
410 1878 442 1924 sic
456 1893 525 1940 prope
540 1887 656 1926 oneratum
667 1887 701 1926 est
713 1879 743 1925 si·

66 1943 166 1988 nistrum
178 1939 289 1988 Romanus
305 1957 382 1996 cornu,
400 1941 422 1987 ui
438 1941 638 2006 refereuubusJam
649 1943 744 2006 gradum

65 2006 156 2060 consrrl,
179 2005 313 2069 increpando
333 2007 399 2054 simul
414 2008 568 2061 temeritatem,
594 2009 660 2054 simul
678 2008 743 2071 igna·

65 2072 136 2124 riaun
158 2071 245 2134 pudore
261 2079 346 2119 metum
363 2072 505 2118 excussisset.
540 2069 654 2120 Restitsire
669 2075 743 2136 primo

67 2136 188 2184 obotinmn
210 2136 303 2182 animis:
329 2135 414 2190 deinde,
439 2144 465 2182 ut
482 2137 506 2183 in
525 2138 651 2185 obtinentes
669 2137 744 2185 locum

67 2202 130 2248 vires
139 2200 248 2253 ferebant,
266 2200 350 2248 audent
360 2201 419 2247 ultro
429 2201 525 2264 gradum
538 2202 634 2260 interm
651 2209 682 2255 et,
699 2203 745 2249 clu

68 2281 133 2312 more
144 2273 261 2318 renovato,
280 2274 424 2313 commovent
438 2267 521 2314 aciem:
541 2275 589 2315 tum
601 2282 683 2321 mrrus,
701 2267 745 2314 im·

68 2337 125 2392 petu
140 2346 169 2378 ca
194 2347 215 2386 ο,
233 2330 355 2385 enituntur,
374 2338 441 2393 etque
457 2339 591 2394 exsuperant
606 2333 745 2394 iniquitutem

67 2393 120 2442 lod.
175 2410 211 2442 am
231 2411 301 2458 prope
319 2401 367 2443 erat
384 2403 409 2443 ut
426 2397 449 2442 in
469 2412 581 2443 summum
598 2398 649 2444 clivi
662 2398 745 2460 jugum

68 2458 199 2514 evaderem,
218 2475 270 2506 cum
281 2467 346 2524 terga
354 2461 430 2509 hostes
441 2458 536 2518 dedere5
553 2460 670 2522 effusoque
679 2475 747 2508 cursu

69 2539 137 2586 paene
154 2525 246 2587 agmine
261 2541 307 2572 uno
316 2525 430 2588 fugientes
445 2532 607 2587 sequentesque
620 2526 698 2573 castris
712 2525 747 2568 in-

69 2587 153 2637 cidere
191 2587 220 2636 In
236 2606 263 2637 eo
280 2606 363 2654 pavore
380 2597 453 2638 cestra
467 2591 591 2652 cupiuntur.
628 2589 676 2643 Qui
689 2586 748 2633 Vol·

67 2666 161 2704 scorum
170 2653 271 2719 effugere
277 2663 407 2721 potuerunt,
420 2656 521 2766 Autiuup
527 2661 614 2717 penmt.
651 2650 747 2699 Antium

448 2752 453 2763 x
477 2733 495 2768 u
