1809 2934
207 148 236 199 Τ.
247 150 336 199 L'IVII
348 150 404 198 *Lm
416 144 464 197 III.
484 149 543 200 Cir.
554 156 592 200 70.
683 160 731 205 als

65 281 181 344 Sulpicius
196 296 237 343 per
253 273 348 328 mediam
365 281 462 327 hostium
479 281 548 327 aciem
566 278 617 327 cum
634 278 733 343 equitatu

64 348 182 409 permpit:
200 346 261 392 unde
277 360 328 392 cum
346 343 422 391 eidem
440 346 522 391 reverti
537 353 612 406 posset
629 348 657 392 ad
674 362 733 403 suos,

66 412 198 473 prinsquam
208 411 279 456 hostis
289 412 388 455 turbatos
398 410 487 456 ordines
498 410 603 462 reficeret,
619 417 684 473 terga
693 413 736 458 im-

65 490 171 538 pugnare
181 475 278 521 hostium
289 476 358 520 satius
368 475 440 521 visum
451 482 498 521 est:
513 482 736 535 momentoquetem-

66 541 135 601 poris,
153 541 178 585 in
193 548 293 586 aversam
308 540 440 585 incursando
457 539 534 591 aciem,
552 539 641 599 ancipiti
652 547 736 588 terrore

67 602 197 666 (desipisset
211 605 294 657 hostes,
312 604 335 647 ni
345 618 386 649 suo
396 604 485 664 proprio
495 618 547 649 eum
557 604 637 664 proelio
651 606 737 665 equites

66 668 208 715 Volscorum
223 676 246 714 et
256 669 384 727 AEquorum
399 675 516 729 excepturi
527 668 660 729 aliquamdiu
671 676 736 715 tenu-

66 734 147 780 issent.
185 732 219 779 lbi
229 748 284 781 vero
296 732 406 793 Sulpicius
416 746 505 793 negare,
524 740 540 761 “
551 734 668 779 cunctandi
679 741 736 781 tem-

65 812 111 859 pus
122 812 187 855 esse;
205 798 368 843 circumventos
377 796 553 857 interclusosque
563 799 589 843 ab
600 797 662 844 suis”
674 799 736 845 roci

65 862 151 915 serens,
171 862 218 907 “ni
233 868 336 921 equestre
348 861 452 922 proelium
467 862 552 908 connisi
566 863 626 907 omui
637 864 660 908 vi
670 864 737 925 perti.

66 934 154 973 oerent.
189 925 241 972 Nec
261 925 341 987 liigare
360 926 465 985 eluitem
477 927 589 987 integrum
608 928 661 973 satis
680 944 736 983 esse,

68 991 289 1051 conficerentequos
303 991 413 1050 virosque,
431 1005 460 1035 ne
474 990 523 1050 quis
535 992 675 1039 reveheretur
685 993 738 1039 inde

67 1056 97 1103 ad
106 1055 220 1118 predium,
238 1054 407 1116 aut‘integrsret
422 1070 534 1115 pugnam:
554 1070 599 1101 non
610 1072 676 1118 posse
689 1058 739 1103 illos

67 1122 175 1167 resistere
183 1120 229 1171 sibi
239 1120 317 1179 quilius
328 1118 427 1166 conferta
436 1120 534 1181 pediturn
543 1122 600 1167 acies
609 1121 717 1168 cessisset.
722 1121 738 1141 ”

69 1184 143 1232 Haud
161 1184 233 1230 surdis
250 1184 337 1229 auribus
355 1183 425 1229 dicta:
444 1184 589 1245 impressione
606 1184 650 1231 uni
664 1192 737 1232 totum

68 1250 196 1311 equitatum
211 1246 301 1305 fudire3
318 1262 423 1310 magnam
438 1249 484 1293 vim
500 1263 529 1293 ex
541 1251 603 1307 equis
614 1251 738 1312 praecipita-

67 1312 139 1371 νὲῐες
159 1313 221 1374 ipsos
241 1328 354 1372 equosque
375 1312 463 1373 spiculis
483 1310 608 1358 confoutre·
643 1312 668 1359 Is
686 1312 737 1362 finis

66 1392 156 1441 pugnae
167 1378 275 1437 equestris
284 1377 334 1423 fuit.
369 1376 443 1428 Tunc,
460 1376 531 1421 adorti
546 1376 643 1437 pediturn
659 1379 735 1433 adera,

69 1442 203 1489 nuntiusad
213 1441 356 1487 consules'rei
367 1440 549 1501 gestaevmittunt,
569 1441 605 1485 ubi
614 1442 662 1502 jiem
675 1442 738 1488 iucli·

69 1509 167 1554 nabatm
176 1507 273 1552 hostium
284 1507 349 1557 acies.
373 1504 474 1550 Nuntius
485 1502 563 1563 deinde
571 1510 594 1549 et
601 1505 739 1553 vincentibus

69 1571 184 1619 Romanis
194 1572 280 1617 animos
290 1571 359 1623 auxit,
376 1576 399 1615 et
409 1567 530 1614 referentes
540 1568 634 1629 gradum
645 1570 739 1630 perculit

69 1637 171 1696 AEquos.
207 1634 326 1681 In‘medii
344 1634 440 1696 primum
458 1633 505 1678 acie
521 1632 581 1678 vinci
598 1634 672 1693 coepti,
694 1632 739 1693 qui

69 1701 195 1763 permissus
212 1700 322 1760 equitatus
338 1700 466 1744 turbaverat
486 1698 580 1743 ordines.
621 1698 739 1743 Sinistrum

69 1762 153 1812 deinde
170 1780 240 1811 cornu
254 1765 281 1810 ab
298 1763 393 1817 Quintio
410 1762 502 1807 consule
515 1762 566 1823 pelli
584 1768 699 1823 coeptum3
716 1762 740 1808 in

70 1830 153 1875 dextro
171 1829 290 1890 plurimum
309 1828 390 1874 laboris
406 1826 457 1873 snit
490 1825 525 1872 Ibi
544 1827 651 1888 Agrippa,
674 1833 741 1874 aetate
773 1826 775 1835 ‘

69 1894 201 1953 tinlsusque
210 1893 281 1946 ferox,
298 1908 350 1939 cum
365 1891 426 1938 omni
440 1898 503 1953 parte
518 1906 601 1953 pugnae
615 1892 694 1937 melius
705 1904 741 1939 res

70 1960 128 2021 geri,
146 1972 214 2017 quam
225 1957 283 2019 apud
294 1973 324 2010 se,
342 1957 433 2009 videret,
451 1964 541 2017 accepta
552 1957 616 2017 signa
630 1958 657 2002 ab
671 1956 741 2019 signi»-

69 2022 126 2069 teris
141 2023 190 2084 ipse
203 2023 291 2075 inferre,
309 2021 410 2082 quiedam
417 2022 493 2082 jacere
508 2020 574 2067 etiam
589 2022 612 2065 in
628 2020 740 2067 confertos

70 2090 150 2133 lrostes
165 2088 241 2148 coepit.
275 2085 353 2148 cujus·
363 2086 492 2147 ignominiae
508 2092 568 2131 metu
583 2086 687 2131 concitati
697 2086 740 2131 mi-

70 2152 130 2205 Βία,
155 2150 258 2198 invasire
273 2152 374 2197 hostem:
400 2151 432 2195 ita
447 2156 535 2210 aequata
552 2164 581 2196 ex
600 2150 661 2196 omni
678 2156 742 2211 parte

71 2216 168 2264 victoria
178 2224 219 2262 est.
254 2216 355 2261 Nuntius
366 2222 414 2260 tum
425 2214 541 2268 aQuintio
551 2215 619 2267 venit,
632 2215 739 2259 rictorem

68 2282 118 2343 jam
136 2296 162 2326 se
177 2281 294 2327 imminere
311 2281 408 2326 hostium
426 2280 518 2334 castris3
536 2279 595 2325 nolle
611 2280 740 2339 irrumpere,

72 2354 194 2405 antequam
211 2346 267 2391 sciat
281 2344 411 2391 debellatum
429 2351 452 2390 et
466 2344 490 2389 in
502 2344 590 2389 sinistro
602 2356 671 2389 cornu
682 2356 737 2390 esse

73 2410 99 2457 si
106 2411 156 2471 Jam
164 2409 260 2455 fudisset
269 2411 352 2461 hostes,
370 2408 480 2454 conferret
488 2409 516 2454 ad
525 2424 548 2453 se
557 2408 627 2469 signa,
640 2415 665 2453 ut
676 2408 742 2453 simul

71 2475 149 2520 omnis
165 2475 277 2520 exercitus
293 2471 369 2534 predi
386 2474 500 2534 potiretur.
541 2472 621 2519 Victor
640 2472 743 2533 Agrippa

71 2544 126 2586 cuin
134 2537 215 2585 mutui
224 2539 373 2601 gratulatione
383 2538 411 2583 ad
420 2538 528 2584 victorem
539 2537 648 2599 collegam
659 2542 742 2581 castra-

71 2614 119 2663 que
127 2603 229 2649 hostium
239 2604 314 2660 venit3
331 2602 446 2663 ibipducis
453 2602 629 2653 defendentibus,
641 2612 742 2643 momen·

72 2666 145 2728 toque'
152 2664 216 2721 lusis,
225 2667 283 2715 sine
292 2666 412 2715 certamine
420 2667 445 2712 in
456 2667 592 2713 munitiones
599 2665 738 2723 irrumpunt:

831 2782 898 2903 fl
