1809 2934
215 137 244 201 Τ.
258 137 345 200 LIVII
361 138 415 188 Lu.
426 137 475 188 111.
495 138 554 192 Ost·
565 145 605 187 64.
685 146 734 195 m

56 270 159 319 fortium
177 268 253 317 satim
266 270 365 317 uirorum
379 284 469 332 operam
480 270 586 317 edebant:
605 276 736 331 tantumque

57 337 105 383 hos
115 333 198 396 pudor,
213 342 321 395 quantum
331 334 387 381 alios
397 334 473 381 laudes
483 334 615 381 excitabant.
649 334 736 381 Renu-

59 406 155 463 tegrato
164 399 268 451 clamme,
286 399 383 459 undique
393 414 471 445 omnes
482 399 568 445 connisi
577 400 664 445 hostem
673 413 736 445 aver-

60 472 178 532 tuntgnec
189 463 268 509 deinde
275 462 380 511 Romana
387 464 422 509 uis
430 464 534 511 sustineri
543 464 622 524 potuit.
654 463 735 516 Sabini,

59 528 107 577 fud
121 528 208 591 passim
225 544 265 589 per
275 543 348 589 agros,
366 536 439 576 castra
450 529 511 575 hosti
522 529 551 574 ad
562 528 660 589 praedam
671 528 737 573 relin-

60 601 146 655 quunt.
184 591 220 638 lbi
231 608 277 638 non
291 593 408 646 sociorum,
426 594 484 641 sicut
495 593 619 655 inAlgido,
638 607 679 645 res,
697 591 737 639 sod

60 674 117 706 suas
129 657 257 711 Romanus,
274 658 451 718 populationibus
467 673 572 721 agrorum
585 657 683 711 amissas,
701 672 738 702 re-

60 724 126 785 cipit·
165 718 264 769 Gemini
273 721 365 769 victorii
375 724 460 770 duobus
468 722 566 770 bifariam
574 722 658 784 proeliis
665 718 735 782 parth,

61 787 168 848 maligne
185 795 275 834 senatus
292 788 315 831 in
332 803 402 833 unum
421 788 479 833 diem
496 788 665 849 supplicationes
682 800 738 832 cou-

62 852 143 901 sulum
160 852 253 897 nomine
269 851 372 899 decrevit.
408 852 509 913 Populus
527 853 611 914 injussu
627 859 650 897 et
667 851 737 911 altero

62 916 102 963 die
117 915 225 976 frequens
240 916 265 962 iit
275 917 435 977 supplicatum
454 925 477 963 et
488 918 536 962 haec
547 932 605 978 uaga
614 916 737 978 popularis-

63 997 112 1043 que
123 981 255 1042 supplicatio
271 981 348 1027 studiis
362 994 431 1042 prope
445 982 573 1027 celebratior
587 980 636 1027 hit.
673 978 737 1029 Con-

63 1044 129 1093 sules
139 1060 171 1091 ex
181 1046 304 1107 composito
316 1046 394 1092 eodem
405 1046 471 1091 biduo
482 1046 510 1093 ad
519 1045 604 1093 Urbem
615 1042 735 1099 accessere,

64 1117 219 1170 senatumque
237 1111 260 1155 in
280 1110 389 1157 Martium
409 1109 520 1171 campum
542 1107 676 1159 evocavere:
700 1109 738 1159 ubi

65 1190 122 1223 cum
140 1175 247 1221 derebus
264 1176 291 1222 ab
304 1191 329 1221 se
344 1176 414 1236 gestis
426 1183 525 1237 agerent,
543 1176 615 1236 questi
629 1175 740 1235 primores

63 1238 174 1292 Petrum,
192 1247 292 1287 senatum
309 1240 367 1285 inter
383 1240 463 1286 milites
477 1238 551 1285 deditii
566 1237 632 1301 operi
646 1240 741 1289 terroris

64 1302 138 1353 osusd
154 1305 242 1351 haberi:
262 1305 337 1365 itaque
352 1305 404 1351 inde
420 1305 530 1356 consules,
547 1318 576 1349 ue
591 1302 738 1351 criminationi

64 1371 135 1417 locus
144 1377 212 1423 essa,
230 1370 253 1415 in
268 1377 331 1431 prata
342 1368 458 1421 lilaminia,
476 1368 512 1415 ubi
524 1382 583 1413 nunc
595 1367 653 1413 aedes
664 1368 737 1429 Apol-

65 1435 122 1481 linis
132 1441 175 1487 est‚
193 1435 313 1497 (jamtum
328 1433 481 1495 Apollinarem
498 1428 645 1493 appellabant)
658 1435 745 1479 avoca-'

50 1497 125 1549 .er
141 1506 251 1545 wumum
287 1498 333 1545 Ubi
349 1514 401 1545 cum
417 1498 504 1559 ingenti
519 1510 628 1541 consensu
645 1494 737 1541 Petrum

66 1571 192 1625 negaretur
201 1564 332 1624 triumphus,
351 1562 380 1609 L.
394 1562 477 1615 Icihus,
490 1559 675 1621 tribunusplebis,
688 1559 739 1605 tulit

66 1629 97 1675 ad
108 1630 216 1689 populum
228 1628 255 1675 de
265 1629 377 1689 triumpho
387 1627 511 1679 consulum,
529 1624 605 1671 multis
615 1624 739 1672 dissuasum

66 1692 237 1755 prodeuntdrus,
255 1694 351 1739 mamme
367 1690 395 1739 C·
407 1690 502 1739 Claudio
513 1688 654 1741 vociferante,
674 1686 737 1737 “Dc

68 1756 184 1811 Patribus,
201 1772 246 1804 non
257 1758 285 1803 de
292 1757 399 1809 hostibus,
411 1755 514 1804 consules
523 1754 659 1815 triumphare
666 1752 723 1799 velle
729 1769 740 1809 ;

68 1823 212 1884 gratiamque
225 1838 266 1883 pro
276 1822 363 1883 privato
373 1822 452 1867 merito
465 1822 488 1865 in
501 1820 620 1871 tribunum,
638 1827 683 1863 non
697 1832 739 1878 pro

68 1888 155 1935 virtme
166 1887 281 1939 honorem,
298 1886 356 1947 peti.
380 1900 493 1946 uunquam
512 1891 564 1930 aute
581 1883 608 1929 dc
625 1883 738 1943 triumpho

68 1968 111 2013 per
120 1951 228 2013 populum
239 1959 326 1997 sctum:
341 1965 427 2011 semper
438 1950 606 1996 aestinistiouem
614 1948 738 1993 arbitrium-

69 2032 124 2129 {pti
126 2031 176 2079 ejus
183 2016 274 2062 honoris
284 2030 352 2077 penes
362 2022 463 2125 seipatffium
474 2014 554 2089 luisse:
570 2028 602 2088 ¹us
613 2012 739 2123 regeeqiiiti'-²

69 2087 634 2205 aamffimpfflmmdlllffl
653 2141 738 2189 nuum

69 2211 185 2272 publicum
193 2209 309 2255 consilium
320 2209 417 2255 suerent
427 2224 484 2254 esse.
503 2207 540 2253 lta
549 2206 638 2253 demum
648 2206 738 2255 liberam

70 2275 186 2323 civitatem
196 2273 251 2327 fore,
269 2274 301 2319 ita
310 2280 408 2334 aequatas
418 2273 487 2335 leges.
505 2272 523 2321 si
535 2287 574 2319 sua
584 2272 677 2331 quisque
686 2271 739 2332 jure

69 2338 135 2393 ordo.
148 2354 211 2387 susm
220 2340 356 2400 maJestatem
367 2336 467 2384 teneat.”
500 2335 529 2382 ln
538 2336 640 2383 summm
649 2342 739 2381 senten·

69 2405 126 2453 dam
134 2404 207 2451 multa
214 2412 237 2449 et
247 2418 261 2450 a
271 2402 357 2449 ceteris
368 2402 490 2448 senioribus
501 2400 594 2447 Petrum
605 2415 656 2445 cum
664 2405 739 2445 essent

68 2470 137 2521 diota,
149 2483 230 2514 omnes
239 2468 308 2513 tribus
316 2482 364 2513 cam
373 2467 512 2528 rogationem
520 2472 658 2527 acceperunt.
677 2462 738 2509 Tum

68 2534 177 2595 pr‘nnum,
194 2531 380 2579 sineauctoritate
390 2532 491 2585 senatuis
504 2530 579 2591 populi
584 2531 650 2591 jussu
661 2528 741 2573 trium*

69 2599 283 2711 PhliuanlllltHaee
295 2660 388 2709 victoria
401 2660 539 2707 tribunmm
549 2656 661 2721 plebisque
670 2667 739 2714 prope
