1809 2934
227 112 256 166 Τ.
270 112 356 165 mvn
372 113 484 169 Ian-111.
504 118 613 173 creor.
692 128 737 177 sn

74 244 140 293 uiam
151 245 297 309 (qumquam
302 250 350 310 jam
362 249 399 295 diu
409 250 441 296 ita
450 250 538 305 vivitur,
555 252 575 298 is
586 259 655 301 status
665 270 739 303 rerum

73 318 118 364 ast,
136 318 163 357 ut
173 311 229 357 nihil
237 312 289 357 boni
302 312 386 359 divinet
395 312 493 375 animus)
509 316 528 361 si
540 316 590 362 huie
599 318 738 377 potissimum

75 375 195 421 imminere
204 390 263 421 anno
276 377 372 430 scissem,
391 378 427 424 vel
436 378 515 425 exsilio
524 380 561 426 vel
572 388 649 433 morte,
668 382 741 430 sialia

72 437 130 500 huga
146 440 239 485 honoris
258 455 303 489 non
324 449 389 495 esset,
412 440 524 489 vitdssem.
565 444 637 505 Ergo,
661 446 680 491 si
697 447 738 493 viri

73 516 137 549 arma
146 503 185 550 illa
192 504 325 557 habuissent,
343 520 394 565 quae
404 506 428 551 irs
437 507 507 567 portis
516 505 580 554 fudre
590 509 676 563 nostris,
690 510 738 572 capi

72 566 150 615 Roma
161 582 198 613 me
206 568 297 615 oonurle
305 569 395 629 potuit?
406 571 464 616 Satis
471 572 586 625 honorum,
600 571 652 619 satis
663 589 741 636 super·

71 646 116 692 que
123 632 244 678 vitaeerat:
257 632 314 678 mori
322 634 434 679 consulem
442 635 531 681 tertium
539 652 554 682 o
584 638 643 682 rtuit.
664 637 741 692 Quem

70 695 165 743 ssadem
182 696 320 758 igasrimmi
335 697 432 744 hostium
449 700 604 747 oontemsere?
627 715 668 748 uos
685 718 741 749 eon·

71 760 151 807 aries?
162 774 191 806 arr
201 772 245 806 vos
251 760 368 814 Quirites?
385 762 410 808 si
419 763 484 825 culpa
493 764 516 809 in
528 765 590 811 uobis
600 772 641 819 est,
653 759 741 815 auferto¹

70 824 191 887 inperium
201 824 312 886 indignis3
324 834 353 879 et,
366 826 415 871 siid
424 842 502 888 parum
513 836 553 881 est,
562 830 651 891 insuper
658 844 739 893 poenas

70 889 178 951 expetite.
214 889 238 936 si
251 890 274 934 in
286 890 355 943 robis,
373 904 439 936 nemo
455 890 557 939 Deorum
568 908 609 940 nec
620 895 735 945 hominum

70 954 108 1008 sit,
124 953 166 1014 qui
175 960 252 1000 mua
260 954 338 1014 puniat
346 962 443 1017 peecata
457 954 557 1009 Quirites
563 973 571 1015 ς
587 968 674 1006 vosmet
685 968 737 1008 tan-
782 980 785 985 ·

70 1025 122 1084 tum
140 1033 220 1065 eorum
237 1018 350 1079 poeniteat.
385 1018 440 1066 Non
459 1020 489 1067 illi
508 1029 604 1069 vestram
623 1023 735 1085 ignaviam

71 1079 220 1136 commite,
238 1096 279 1127 seo
293 1098 340 1129 suae
349 1084 426 1130 virtuti
436 1083 513 1131 confisi
524 1094 589 1133 sunt:
608 1088 689 1150 quippe
698 1096 736 1137 to-

70 1148 116 1195 ιία
130 1146 177 1193 fusi
192 1146 315 1209 fligatique,
331 1150 409 1195 eastris
425 1150 493 1203 exuti,
511 1165 566 1211 agro
583 1152 675 1206 multati,
693 1156 735 1202 sub

64 1214 151 1276 Jugum
162 1211 231 1264 misn',
243 1218 266 1257 et
276 1226 301 1257 se
310 1219 333 1259 et
343 1228 385 1259 vos
395 1210 484 1260 novere.
503 1213 622 1263 Discordia
632 1217 733 1265 ordinum

14 1302 18 1309 -
70 1284 107 1325 at
122 1290 237 1322 venenum
253 1277 312 1323 urhis
328 1278 405 1340 h⁰j¹¹⁵²
424 1276 517 1323 Parrum
535 1294 562 1325 ao
576 1280 645 1340 plebis
664 1289 736 1331 certe-

70 1341 134 1387 mins
151 1340 216 1404 (dum
228 1354 270 1388 noo
280 1341 342 1387 nobis
352 1342 443 1403 imperii,
462 1356 503 1387 neo
514 1343 576 1388 vobis
585 1344 690 1392 hisertatis
700 1354 736 1394 est

69 1406 160 1459 modus,
179 1405 231 1450 dum
246 1404 314 1451 taedet
327 1421 369 1452 vos
382 1406 530 1467 patriciorum,
546 1420 587 1453 nos
601 1408 735 1469 plebeiorum

70 1466 530 1533 mgistratuummstulereillisanimos.
565 1468 612 1516 Pro
620 1470 697 1518 Dedm
707 1473 736 1519 fl·
813 1486 818 1495 '

70 1534 135 1583 dem!
147 1534 204 1595 quid
212 1534 274 1581 robis
284 1534 368 1584 vultis?
383 1534 496 1581 Tribunos
505 1534 574 1595 plebis
585 1536 732 1603 concupistis:

68 1598 199 1647 ooucorffiae
214 1596 280 1645 oaaad
295 1599 451 1645 oouoessimus.
487 1597 635 1645 Decem-iras
651 1600 736 1648 deside·

69 1662 151 1711 sistis:
164 1664 233 1709 oresti
243 1664 301 1725 passi
311 1678 395 1709 smnus.
429 1661 671 1710 Decemvirorum·voa
685 1680 737 1726 per·

67 1736 154 1777 tenum
164 1734 212 1774 est:
225 1728 340 1789 ooe'gimus
350 1728 409 1775 abire
419 1728 556 1789 mgistratu.
592 1728 702 1776 Manente
711 1729 734 1775 in

69 1793 161 1840 eosdem
175 1792 273 1854 privatos
284 1790 317 1839 iri
332 1789 413 1846 vestri,
429 1793 487 1838 mori
500 1799 567 1853 atque
582 1793 683 1839 exsudare
693 1809 735 1839 ne.

68 1858 190 1905 bilisn'mos
199 1856 260 1903 viros
270 1856 495 1917 honoratissimosque
502 1857 560 1918 passi
572 1872 655 1904 sumus.
679 1856 733 1905 Tri-

68 1922 143 1968 bunos
152 1921 222 1983 plebis
229 1936 304 1967 oreore
313 1922 393 1968 itonam
404 1921 517 1968 voluistis:
537 1919 635 1968 credetis.
669 1920 731 1971 Con-

67 1987 128 2033 sules
146 1985 221 2033 tmere
235 1993 358 2033 vestrarum
375 1987 477 2047 partium,
495 1986 537 2031 etsi
553 1984 655 2033 Patmos
671 1986 733 2034 vide-

66 2051 147 2098 isarnus
157 2050 271 2111 iniquum
287 2050 402 2112 patricium
412 2065 500 2111 quoque
510 2050 663 2113 magistratum
673 2050 731 2113 plebi

65 2115 153 2162 donsun
166 2114 214 2161 fleri
224 2115 327 2161 uidimus.
360 2114 476 2161 Auxilium
487 2114 633 2168 uibtmiciuns
650 2126 740 2177 provo-¹

65 2180 179 2227 estium
193 2180 222 2227 ad
231 2179 344 2242 populum,
360 2180 416 2225 soita
426 2179 495 2241 plebis
505 2178 603 2242 injuncta
611 2178 728 2226 Patribus:

66 2245 109 2291 sub
121 2244 191 2291 titulo
204 2244 360 2304 sequarsdauun
373 2244 458 2305 legum,
476 2251 551 2291 nostra
560 2244 613 2306 jura
627 2258 731 2305 oppresse

65 2309 158 2356 ttulimus
179 2315 204 2355 et
220 2308 320 2355 ferimus.
355 2306 401 2361 Qui
421 2307 472 2355 finis
493 2308 535 2354 erit
556 2307 730 2354 discordiarum?

65 2371 268 2435 quamdounam
278 2373 447 2425 urbemhabere,
466 2372 578 2433 ecquando
589 2386 729 2419 communem

64 2438 124 2485 haue
136 2452 187 2484 esse
200 2438 294 2499 patriam
307 2436 397 2483 iioebit?
414 2436 476 2483 Vroti
491 2451 532 2482 nos
548 2437 644 2497 aequiore
656 2436 731 2483 animo

62 2501 208 2562 quiescimus,
226 2516 292 2563 quam
308 2517 349 2547 vos
367 2502 469 2547 victores.
505 2500 593 2547 Satisne
609 2507 650 2552 est,
668 2500 731 2544 nobis

61 2580 108 2612 uos
124 2565 258 2612 menrendos
270 2566 337 2613 esse?
352 2565 469 2612 Adversus
485 2578 526 2611 nos
540 2562 677 2611 Aventinum
693 2576 732 2606 os-

59 2630 134 2695 ptus.
144 2631 252 2679 adum
262 2644 305 2679 nos
313 2630 382 2682 saoer
392 2636 512 2693 occupauit
522 2622 601 2677 mbuss
619 2623 734 2686 li'aquiliu
