1809 2934
165 140 197 184 re
314 131 343 181 u.
358 97 445 180 mvn
462 129 516 178 un
529 125 563 177 11.
583 127 642 180 cu.
655 130 681 176 s.

162 270 228 319 esset
238 262 352 312 induxisse
360 261 384 308 iu
395 261 500 314 animum,
511 267 538 307 ut
547 261 641 322 superbo
650 256 764 319 quondam
773 247 831 321 regi,

163 337 212 377 tum
228 327 309 376 infesto
325 327 404 380 exsuli,
423 325 548 388 proderent.
584 323 695 373 Consules
712 323 737 368 in
755 323 832 370 sedern

163 391 292 458 proeessire
320 407 389 444 susm,
420 390 526 450 missique
543 390 632 436 lictores
650 387 678 434 ed
697 387 833 434 sumendum

162 451 294 522 supplicium
309 455 403 503 nudatos
410 454 481 516 virgis
491 455 586 507 cedunt,
605 451 720 512 securique
729 451 831 508 feriunt;

163 539 215 571 eum
225 523 284 569 inter
298 535 365 568 omne
380 527 468 581 tempus
477 526 546 581 pater,
558 519 677 578 vultusque
694 524 719 564 et
733 531 760 562 os
774 516 831 578 ejus,

139 595 141 602 ¹
163 587 288 651 specmerrlo
299 592 364 638 esset,
383 585 494 630 eminente
504 585 578 630 animo
587 581 658 645 patrio
667 581 727 628 inter
736 581 834 642 publieae

164 667 239 715 poenoe
255 649 406 696 ministerium.
443 648 569 697 Seormdnm
585 661 675 709 poeusm
693 645 832 697 noeentum,

165 723 191 763 ut
200 716 224 761 in
234 721 351 774 utrumque
366 719 451 775 partem
462 713 561 759 arcendis
572 711 688 758 sectentur
704 709 833 771 exflnplum

165 774 239 826 nobile
256 785 322 832 esset,
339 777 457 840 praemium
466 777 541 830 indici,
559 776 652 838 pecunie
661 789 690 821 ex
701 774 788 826 aernrio,
807 773 834 818 ti-

165 846 238 890 bertas
254 849 277 890 et
290 841 374 896 civius,
395 842 451 889 dats
488 839 530 888 lue
539 841 634 903 primum
645 839 724 885 dieitur
734 834 836 884 vindicii

165 908 282 954 liberatus:
296 907 385 967 quidem
395 903 500 953 vindictae
507 920 596 965 quoque
606 917 687 949 nomen
697 909 796 948 trecmm
806 903 835 948 ob

165 971 204 1018 illo
214 977 307 1034 putant3
323 969 427 1016 Vindicio
439 969 482 1030 ipsi
492 983 574 1014 nomen
583 967 658 1012 fixisse·
693 964 751 1011 Post
760 966 833 1018 illurn,

165 1037 313 1087 observatum,
331 1041 362 1084 ut,
383 1033 421 1094 qui
434 1033 467 1078 its
480 1029 566 1077 liberati
580 1036 661 1082 essent,
678 1029 703 1074 in
718 1029 834 1077 civitatem

166 1099 392 1160 sceeptividerentur.
893 1110 894 1121 ¹

199 1162 244 1210 VI.
264 1162 316 1214 His,
330 1163 386 1208 sieut
396 1167 446 1208 sets
453 1166 523 1213 erem,
535 1159 647 1211 nuntietis,
659 1159 764 1205 inoensus
773 1158 835 1206 Tar-

166 1227 256 1288 quinius
274 1241 319 1272 non
335 1227 411 1272 dolore
421 1225 494 1272 solum
508 1232 578 1271 tsntae
594 1224 622 1270 nd
636 1223 723 1281 irritum
734 1223 837 1270 sedentis

168 1291 221 1355 spei,
235 1290 274 1338 sed
283 1289 349 1337 etism
360 1289 410 1336 odio
420 1287 502 1350 itique,
516 1296 634 1351 pomusm
648 1288 700 1334 doio
719 1288 779 1334 viem
794 1289 836 1334 ob-

168 1363 252 1420 septsm
263 1356 324 1409 vidit,
335 1355 416 1402 bellum
427 1360 503 1416 aperte
512 1353 647 1400 moliendum
658 1360 725 1406 retus,
737 1348 836 1400 eircum-

168 1422 202 1468 ire
220 1420 312 1484 supplex
329 1419 429 1466 Etruriae
447 1418 528 1475 urben
545 1433 608 1465 orere
618 1417 715 1464 menime
724 1417 837 1464 Veientes

168 1484 392 1548 Tarquiniensesque,
405 1479 421 1514 '⁴‘
429 1499 459 1530 ne
469 1499 493 1530 se
503 1491 584 1536 ortum,
601 1481 699 1545 eJusdern
711 1482 834 1544 nugifluis,

169 1559 289 1605 extorrem,
306 1557 409 1613 egentem
420 1564 449 1596 ex
458 1555 521 1596 tento
531 1548 598 1595 modo
609 1561 686 1610 regno,
698 1561 750 1592 oum
761 1546 836 1593 liberis

169 1615 343 1664 adolescentibus
354 1622 405 1662 ente
416 1614 492 1661 oeulos
502 1628 554 1660 suos
564 1612 635 1675 pen're
645 1612 749 1658 sinerent.
768 1611 836 1658 Alios

168 1695 265 1742 peregre
274 1681 298 1726 in
353 1695 406 1726 num
422 1677 520 1725 Romam
535 1678 630 1725 accitos:
650 1692 675 1723 se
690 1691 773 1738 regem,
795 1691 836 1723 su-

168 1751 260 1805 gentem
267 1744 325 1790 belio
371 1757 462 1790 mentun
471 1742 593 1804 imperium,
605 1741 730 1805 aproximis
741 1740 837 1788 scelere-

169 1804 194 1852 td
204 1807 354 1868 conjuratione
363 1807 465 1868 pulsumt
478 1822 517 1857 eos
527 1808 586 1854 inter
596 1823 626 1860 se,
636 1806 688 1868 quis
697 1802 765 1852 nenio
775 1820 836 1852 unus

168 1869 223 1916 sutis
237 1869 318 1931 dignus
331 1866 401 1930 regno'
417 1871 479 1916 visus
495 1872 531 1924 sit,
547 1866 621 1934 psrtes
637 1869 700 1932 regni
719 1871 835 1932 repuisse3

123 1945 126 1952 ·
169 1935 228 1980 bons
246 1949 286 1980 sue
303 1933 423 1996 diripienda
437 1936 518 1996 populo
534 1936 625 1989 dedisse,
646 1949 675 1980 ne
692 1935 742 1995 quis
755 1949 837 1996 expers

168 1997 258 2045 sceleris
265 2005 331 2044 esset.
367 1997 464 2044 Putrism
473 2015 498 2046 se
507 2015 645 2062 regnumque
652 2015 717 2046 suum
728 2005 836 2060 repetere,

169 2063 301 2123 etpersoqui
311 2063 410 2125 ingratos
421 2063 481 2110 cives
491 2065 554 2110 veile
589 2063 684 2110 Ferrent
691 2079 763 2125 opem,
772 2063 837 2126 odju-
893 2098 894 2103 ,

168 2133 261 2184 varent3
284 2141 334 2173 suas
355 2142 444 2188 quoque
459 2136 546 2177 veteres
565 2129 656 2192 iujurias
676 2129 748 2174 ultum
769 2128 836 2183 irent,

169 2191 236 2238 toties
246 2205 315 2238 cesus
324 2192 431 2254 legiones,
449 2207 529 2254 egnum
539 2191 677 2239 sderrrtum.'’
710 2192 772 2239 Haec
785 2208 837 2240 mo-

169 2262 251 2302 verunt
261 2254 384 2312 Veientes;
401 2271 427 2302 eo
437 2272 478 2318 pro
495 2272 519 2302 se
528 2257 628 2317 quisque
640 2257 746 2304 Romano
756 2257 836 2304 ssitern

170 2319 234 2373 duee,
253 2321 386 2382 ignominias
407 2321 532 2374 dernendus,
551 2321 654 2381 belloque
673 2321 755 2368 emisse
772 2337 836 2384 repe

170 2383 244 2436 tenda,
262 2385 376 2432 minaciter
392 2383 498 2432 fremunt.
533 2384 705 2445 Tarquinienses
715 2399 798 2433 nornen
809 2401 835 2434 se

170 2449 275 2511 cognatio
291 2457 381 2497 movet:
399 2450 515 2512 pulchrum
535 2450 656 2503 videbstrm
679 2465 733 2496 suos
751 2450 835 2499 Rornae

171 2528 271 2578 regnem
306 2512 343 2561 Its
357 2514 402 2561 duo
420 2514 513 2561 dusmm
529 2513 651 2560 ciritstium
669 2515 787 2569 exueitus,
807 2516 835 2563 sd

168 2578 312 2641 repetendum
322 2593 416 2641 reguum
423 2579 526 2640 belloque
534 2579 698 2641 persequendos
708 2579 833 2635 Romanos,

169 2643 240 2694 serti
257 2643 411 2706 Tarquinium.
446 2643 569 2705 Postqusm
578 2643 603 2692 in
613 2658 693 2706 agrurn
703 2643 834 2694 Romanum
