1809 2934
185 138 234 183 sss
321 132 449 188 uulvn
466 134 577 185 nem.
596 116 705 185 cmo

183 264 268 313 tionen
284 278 406 311 messorem
422 266 543 327 majestatis
560 264 660 319 Petrum,
678 267 848 329 concordiaque

183 328 292 381 ordinum,
316 337 340 377 et
356 336 480 391 temporum
503 330 610 391 imprimis
628 330 737 379 hsbnsse.
779 332 849 381 Ome
891 346 892 399 j

183 408 236 441 eum
243 394 402 455 collegamque,
416 402 441 441 ut
451 402 590 455 capesserent
601 396 771 457 rempublicam:
787 413 849 445 orere

183 459 290 511 tribunos,
309 467 334 505 ut
350 474 395 504 uno
413 458 488 505 animo
507 474 557 505 cum
577 451 703 507 consulibus
717 462 804 508 ,bellum
823 464 849 509 ob
891 460 892 469 ’

185 520 250 569 Urbe
259 538 285 569 nc
295 523 406 570 moenibus
415 524 537 585 propulsari
548 524 637 578 vellent,
655 525 787 586 plebemque
798 528 849 575 obe·

183 586 280 633 dientem
295 588 318 631 in
337 602 361 633 re
376 594 422 633 mm
435 586 519 648 trepidi
537 586 639 635 Patribus
653 592 792 651 praeberent:
811 607 849 653 sp·

183 652 265 712 pellere
286 651 385 697 tribunos
407 666 549 699 communem
573 656 673 715 patrium,
700 656 849 717 auxiliumque

183 730 261 761 eorunm
276 715 398 774 implorare,
417 716 507 761 vastatis
523 718 588 779 agris,
608 718 671 765 Urbe
681 735 753 781 prope
763 736 848 783 oppug-

184 777 262 825 notd.”
296 777 414 825 consensu
425 781 524 827 omnium
533 782 630 829 delectus
639 784 771 838 decernitur,
784 786 848 833 liobe-

183 849 270 901 turque.
306 840 366 890 Cum
382 845 485 891 consules
499 846 523 891 in
538 847 645 894 concione
659 847 846 909 pronuntiissmt.

185 904 309 966 “Tempus
323 922 369 954 non
385 924 434 955 esse
448 925 525 957 causss
540 914 704 973 cognosoendi;
721 929 801 960 omnes
811 917 848 976 ju-

183 970 257 1017 niores
273 979 363 1032 postero
381 973 416 1021 die
432 972 503 1034 primi
517 975 601 1027 luceio
614 976 701 1039 Campo
712 978 800 1025 Martio
811 980 848 1025 sd-

184 1043 274 1092 essent;
291 1038 452 1097 cognoscendis
468 1040 539 1087 causis
550 1056 633 1095 eorum,
652 1042 689 1102 qui
701 1044 794 1093 nomino
803 1058 848 1091 non

184 1098 302 1153 dedissent,
319 1101 377 1147 bello
391 1102 489 1163 perfecto
504 1106 629 1153 sedaturus
640 1113 741 1168 tempus;
759 1124 802 1169 pro
811 1108 849 1155 de·

111 1193 116 1205 .
183 1170 268 1209 sertore
275 1164 382 1218 futurum,
394 1168 457 1229 cujus
468 1183 513 1215 oon
524 1167 653 1230 probissent
663 1171 787 1220 cuussm:’'
800 1188 848 1219 om-

178 1227 219 1273 mis
221 1228 329 1289 juventus
340 1228 402 1277 allinit
411 1238 501 1293 postero
512 1234 553 1281 die,
580 1233 692 1283 Cohortes
702 1237 744 1283 sibi
755 1252 850 1299 qumque

183 1294 324 1341 centuriones
337 1296 452 1357 legerunt:
471 1298 516 1345 bini
532 1306 643 1347 senatores
658 1301 754 1362 singulis
768 1303 849 1349 cobor-

183 1356 242 1403 tibus
258 1360 379 1421 praepositi.
414 1360 474 1409 Haec
487 1364 561 1411 omnis
576 1364 631 1411 udeo
647 1376 734 1413 mature
751 1366 848 1427 perlecto

169 1423 314 1483 'accepimus
332 1431 358 1471 ut
375 1425 445 1487 signu,
464 1442 491 1473 eo
507 1428 556 1489 ipso
573 1429 608 1475 dle
625 1444 639 1475 s
655 1432 804 1490 quaestoribus
820 1446 848 1481 ex

138 1536 142 1542 ,
184 1488 263 1533 aerurio
283 1497 371 1549 promtu
388 1490 502 1551 delataque
521 1494 544 1537 in
564 1492 682 1558 Campum,
707 1495 789 1555 quarti
807 1496 848 1543 dei

182 1549 238 1598 boris
248 1560 309 1601 motu
319 1568 349 1600 ex
358 1552 446 1615 Cumpo
457 1556 501 1601 sint
507 1572 519 1613 ;·
532 1559 686 1618 exercitusque
696 1574 777 1613 novus,
796 1576 848 1622 psu-

182 1615 215 1661 cis
225 1618 351 1664 cohortibus
361 1625 462 1670 veterum
472 1620 566 1666 militum
577 1622 691 1669 voluntate
699 1626 848 1684 sequentibus,

181 1681 288 1727 manserit
298 1681 325 1727 od
336 1680 445 1727 decimum
459 1682 559 1742 lapidems
595 1684 719 1746 insequens
734 1688 783 1735 dies
797 1690 848 1737 bos-

174 1750 228 1806 ¹tero
244 1745 268 1789 in
286 1751 430 1804 conspectum
448 1744 515 1800 dedit,
532 1754 647 1809 oestroque
663 1750 690 1796 ud
710 1749 848 1801 Corbionem

118 1808 122 1815 '
183 1807 261 1853 castris
271 1810 459 1869 suntconjunctu.
494 1808 573 1858 Tertio
587 1812 628 1867 die,
647 1830 698 1861 oum
715 1816 749 1865 irs
763 1817 848 1865 Romn-

182 1884 231 1922 nos,
249 1870 305 1923 illos,
324 1886 375 1917 oum
385 1873 452 1919 toties
464 1873 610 1931 rebelldssent,
629 1880 766 1928 conscientia
776 1884 847 1945 culpe

182 1947 208 1981 so
219 1933 341 1994 desperatio
351 1934 452 1991 irritaret,
465 1954 529 1985 moro
538 1940 654 1989 dnsimndi
665 1945 726 1991 nulls
734 1955 770 1995 est
779 1947 844 1995 secu.

215 1995 295 2043 LXX.
314 1996 343 2044 ln
354 2002 452 2049 exercitu
463 2002 567 2051 Romano
580 2022 631 2053 oum
642 2008 686 2055 duo
697 2012 804 2061 consules
813 2028 846 2059 es·
891 2054 892 2057 ,

119 2089 121 2096 ·
181 2068 359 2136 ssot'potssute
375 2066 435 2125 puri;
452 2068 513 2127 quod
529 2070 695 2149 saluberrimum
713 2075 737 2121 in
754 2077 847 2125 udmini-

181 2189 273 2237 oedem
291 2191 398 2253 Agrippi,
414 2210 483 2255 penes
498 2199 606 2260 collegam
623 2209 682 2249 esst:
702 2212 726 2251 et
741 2206 848 2266 praelstm

179 2252 218 2300 ille
226 2253 324 2302 facilitati
335 2258 483 2307 submittentis
491 2278 515 2309 se
522 2265 615 2313 comites
623 2268 777 2327 roepondebst,
786 2286 848 2317 oom-

180 2319 313 2366 municundo
329 2322 421 2369 consiliu
433 2324 560 2387 lsudesque,
577 2336 600 2375 et
615 2332 725 2391 sequendo
740 2334 846 2396 imputem

181 2384 228 2430 sibi·
264 2382 293 2431 In
307 2385 354 2432 soie
368 2385 475 2440 Quintius
490 2392 591 2439 dextrum
607 2410 683 2449 cornu,
702 2399 809 2461 Agripps
819 2400 847 2447 si-

180 2448 274 2495 nistrum
283 2450 366 2497 tenuit:
387 2452 424 2514 Sp.
436 2452 554 2503 Postumio
565 2458 625 2506 Albo
635 2460 711 2521 legato
721 2462 791 2511 dstur
801 2480 845 2511 me·

180 2512 216 2560 diu
233 2514 294 2562 seiss
308 2516 403 2573 tuendn3
425 2519 532 2581 legatum
543 2522 635 2571 alterum
656 2524 705 2574 Ser.
721 2527 844 2590 Sulpicium

179 2578 288 2639 equitibus
297 2580 427 2641 praefidunt.
446 2582 537 2633 Pedites
547 2588 575 2633 ub
582 2588 661 2637 dextro
672 2606 744 2639 cornu
754 2593 846 2657 αμφὶ

177 2640 317 2707 pugnsvere,
324 2645 384 2696 haud
390 2648 489 2710 segnitm
498 2651 649 2703 massonum
659 2654 759 2707 Volscio
795 2658 844 2709 Sc·
