1809 2934
72 102 75 106 ⁵
176 130 223 176 174
316 123 517 175 T.1,1V11Lnt
532 121 580 173 nt
600 124 658 175 css.
672 128 712 173 ss

173 258 274 318 utrisque
292 256 355 304 utilia
373 254 464 310 ferrent,
482 270 577 317 quaeque
599 254 714 317 arquandae
733 254 845 303 libertatis

173 329 255 375 essent,
271 321 369 368 sinerent
384 320 479 381 oresri'f
511 320 572 367 Rem
591 334 636 367 uon
653 320 844 381 adspemsbttnbtr

174 385 275 433 Patres:-
288 394 303 415 “
314 387 415 432 datunun
423 386 485 447 leges
496 385 613 437 neminem,
623 384 665 429 nisi
674 398 703 430 ex
711 382 842 439 Pntrilnrs,”

175 452 268 498 aiebant·
305 449 364 499 Cum
381 450 409 495 de
423 451 510 511 legibus
524 449 659 501 conveniret,
672 448 700 495 de
710 448 783 495 latore
792 457 843 495 tan-

174 522 223 561 turn
233 515 379 575 discreparet3
396 514 458 559 misai
474 514 542 574 legati
549 514 650 559 Athenas
662 513 700 573 Sp
711 512 843 560 Postumius

93 577 95 584 ¹
174 579 252 631 Albus,
265 580 288 624 A
300 579 407 629 Manlius,
421 578 447 624 P.
460 578 570 639 Sulpicius
578 576 725 633 Camerinus5
738 578 843 638 jussique

887 436 888 483 i

767 1298 839 1345 w

887 2100 888 2129 t

172 642 267 704 insipat
277 644 339 704 leges
350 642 438 688 Solonis
456 642 583 694 describere,
602 648 624 687 et
639 642 731 687 aliarum
744 642 843 689 Graue

173 707 294 753 eivitatium
304 707 411 758 instituta,
423 721 504 758 mores,
512 708 607 769 Juraque
615 720 714 751 noscere.

210 768 321 815 XXXII.
356 769 394 815 Ab
406 770 505 816 externis
518 770 580 816 bellis
596 770 684 831 quietus
698 784 772 816 nunus
785 768 842 827 fuit5

170 834 265 895 quietior
292 835 417 895 insequens,
445 834 472 880 P.
490 832 591 882 Curiatio
612 842 636 881 et
657 834 709 881 Sex.
729 834 842 887 Quintilio

171 898 303 950 oonsulibus,
313 905 420 960 perpetuo
430 898 518 945 silentio
528 899 679 945 tribunorum:
698 898 759 959 quod
769 898 842 959 primo

170 963 303 1024 legatonrm,
326 964 364 1023 qui
384 963 485 1009 Athenas
503 963 580 1015 terant,
600 962 720 1025 legumque
741 962 841 1024 peregri·

171 1041 250 1073 narum
265 1027 400 1087 exspectatio
413 1027 522 1088 praebuit;
539 1027 590 1073 dein
601 1026 645 1073 duo
656 1026 722 1073 simul
732 1026 792 1073 mala
802 1028 839 1073 in-

200 1091 248 1137 ntia
265 1099 349 1145 exorta,
369 1090 446 1144 fames,
470 1091 643 1152 pestilentiaque,
669 1090 729 1137 foedn
746 1091 838 1145 bonu'ui,

169 1106 230 1201 idedu
250 1156 331 1215 pecori.
366 1154 455 1201 Vastati
472 1155 520 1216 agri
538 1164 602 1201 sunt:
622 1156 674 1201 urbs
688 1154 783 1201 assiduis
799 1170 840 1202 ex·

170 1220 249 1265 hausta
261 1218 390 1280 itineribus3
409 1220 487 1265 multse
506 1226 528 1265 et
547 1220 612 1266 clarae
628 1219 836 1281 lugubresdornus.

171 1282 265 1330 flamen
287 1282 409 1337 Quirinalis
432 1284 479 1330 Ser.
497 1282 615 1331 Cornelius
632 1291 749 1340 mortuus3

171 1346 200 1395 C.
214 1347 324 1395 Horatius
335 1348 458 1405 Pulvillus5
475 1349 498 1393 in
513 1350 576 1410 cujus
590 1342 664 1394 loouin
681 1346 709 1396 C·
717 1347 838 1394 Veturium

170 1427 198 1459 eo
211 1414 316 1475 cupidius,
330 1414 382 1473 quia
396 1413 513 1459 drunnatus
527 1427 540 1458 a
554 1414 618 1473 plebe
631 1420 684 1465 erat,
696 1428 795 1475 augures
807 1412 839 1459 le·

170 1474 231 1539 gire·
267 1478 375 1524 Mortuus
396 1477 474 1523 consul
490 1475 619 1529 Quintilius,
640 1483 734 1537 quatuor
757 1476 838 1523 nuum

170 1542 246 1603 plebis.
281 1542 402 1603 Multiplici
415 1542 476 1588 clude
491 1540 588 1587 ioedatus
604 1555 682 1588 annus.
718 1541 757 1587 Ab
774 1541 838 1589 boste

170 1606 241 1653 otium
254 1605 303 1653 tuit
339 1606 395 1652 Inde
407 1604 509 1652 eonsules
524 1603 552 1652 C.
566 1605 694 1658 Menenius,
709 1604 736 1650 P.
752 1606 839 1653 Sestius

169 1669 316 1732 Capitolinus.
356 1669 438 1731 Neque
447 1686 475 1716 eo
487 1684 546 1715 anno
560 1670 679 1730 quidquam
689 1669 741 1715 beili
752 1670 839 1716 externi

169 1733 226 1781 fuit:
245 1734 306 1781 domi
321 1742 397 1780 rnotus
418 1734 467 1780 orti.
502 1733 555 1781 Jam
575 1733 683 1780 redierant
698 1734 769 1795 legati
785 1749 838 1781 oum

169 1797 253 1845 Atticis
270 1799 368 1859 legibus:
393 1814 421 1843 eo
441 1798 548 1843 intentius
571 1798 681 1844 instabant
699 1798 789 1851 tribuni,
813 1806 839 1845 ut

169 1861 258 1908 tandem
276 1861 438 1907 sonbeudarum
455 1863 532 1923 legtun
549 1862 635 1908 initium
653 1860 721 1909 fieret.
759 1861 838 1909 Ptsoet

168 1924 237 1971 creari
255 1923 391 1972 deeemviros
409 1927 457 1972 sine
472 1926 636 1987 provocatione,
657 1933 679 1973 et
696 1927 794 1987 nequis
811 1942 838 1973 eo

84 2029 89 2035 ,
168 2002 227 2035 anno
242 1989 298 2035 dius
311 1990 532 2051 magistratusesset.
569 1990 838 2053 Admisoeoeuturneplo·

166 2052 216 2105 beii,
230 2054 380 2100 oontroversia
395 2054 529 2115 aliquamdiu
541 2053 597 2101 fuitr
615 2062 728 2115 postremo
745 2069 839 2103 oonsu-

168 2132 217 2163 sum
239 2116 349 2170 Patribus,
377 2118 444 2164 modo
467 2133 496 2165 ne
521 2118 559 2165 lox
580 2116 643 2165 loilia
663 2118 691 2165 de
711 2119 837 2175 Aventino,

168 2180 262 2241 ffiaeqoe
272 2190 363 2229 meratae
372 2182 441 2244 leges,
451 2183 616 2245 abrogarentur.

200 2244 324 2292 XXXIII.
343 2247 413 2293 Anno
423 2248 578 2293 trecentesimo
589 2248 664 2299 altero,
671 2262 739 2307 quarn
748 2248 839 2297 contin
887 2240 888 2267 ³

167 2308 244 2356 Roma
261 2319 315 2364 erat,
330 2312 411 2357 iterum
425 2318 524 2357 mutatur
535 2310 607 2359 forma
622 2312 724 2364 civitatis,
736 2314 765 2359 ab
782 2327 838 2359 oon·

167 2374 251 2421 solibus
260 2376 288 2421 ad
299 2375 441 2430 desentiros,
452 2376 673 2436 quemadmodumab
683 2375 774 2437 regibus
783 2384 838 2424 unte

168 2438 197 2484 ad
213 2440 315 2487 eonsules
331 2448 428 2493 renent,
445 2441 551 2487 translato
572 2440 675 2503 imperio.¹
706 2438 789 2487 Minus
803 2442 837 2487 in-

168 2502 245 2565 signis,
264 2505 316 2564 quia
334 2519 380 2552 non
396 2504 506 2558 diuturna,
526 2505 619 2552 mutatio
633 2504 688 2551 tuit:
707 2503 762 2552 laets
777 2505 837 2551 enirn

165 2566 271 2631 principis
278 2568 475 2633 magistratusejus
483 2568 549 2616 trimis
558 2566 711 2617 luxuriosius:
729 2582 760 2615 eo
771 2569 837 2616 eitius
887 2612 888 2629 ,

166 2632 228 2694 lapsa
243 2648 280 2683 res
296 2642 346 2694 αις
363 2635 531 2698 repetitumque,
548 2633 634 2689 duobus
646 2634 679 2683 uti
693 2632 837 2699 mtndmtur
887 2662 888 2714 p
