1809 2934
213 123 241 172 T
256 123 464 172 L1v11Ln1L
484 122 543 173 Cur.
558 129 599 174 43:
694 134 740 178 115

72 255 129 300 iuter
140 253 272 316 semctipsos
282 255 393 301 certando.
429 251 554 302 Aooeaaere
568 255 596 302 od
610 271 683 318 aegras
693 260 742 320 jam

72 319 172 366 omnium
187 325 274 364 mentes
288 319 389 381 prodigia
403 319 509 372 coeleetia,
525 336 594 381 prope
604 322 743 380 quotidianae

71 384 93 430 iu
106 383 171 430 Urbe
181 383 285 445 agrisque
295 383 430 430 ostentantia
440 385 525 431 minas:
544 385 662 446 motique'
656 384 688 432 ιιι
700 401 743 432 nu-

71 449 137 494 minis
152 463 243 496 causam
262 448 346 495 nullam
363 449 427 495 aliam
444 456 508 495 vatea
523 451 637 503 canebant,
657 451 744 512 publice

71 514 227 575 privatimque,
247 527 307 560 nunc
326 514 390 566 extis,
413 528 474 559 nunc
494 530 535 575 per
555 530 615 567 aveo,
639 517 742 570 consulti,

71 593 138 638 quam
155 577 215 624 haud
230 577 272 624 rite
289 593 351 624 sacra
363 577 417 625 fieri.
455 577 502 632 Qui
515 587 611 626 terrores
625 586 701 626 tamen
716 597 744 628 eo

70 639 170 696 evandre,
190 649 216 688 ut
233 641 312 705 Oppia,
332 642 397 706 virgo
413 641 519 698 Vestalis,
537 644 641 691 damnata
656 644 742 698 incesti,

70 723 150 771 poenaa
161 706 253 754 dederit.
440 757 445 772 ⁴

104 769 204 820 XLIII.
233 771 266 825 Q.
284 770 366 819 Fabius
384 773 436 819 inde
455 779 478 818 et
498 770 526 820 C.
545 773 620 822 Julius
641 775 744 821 consules

69 836 131 884 facti.
168 836 206 882 Eo
222 851 281 883 anno
295 851 341 883 non
354 837 444 899 segnior
458 832 568 885 discordia
581 839 648 893 domi,
664 840 744 886 etbel-

69 902 126 948 lum,
138 900 196 948 foria
217 903 313 948 atrocius
333 901 382 948 fuit
420 903 460 948 Ab
479 901 562 963 AEquia
580 919 642 950 arma
660 914 740 952 sumta

70 965 182 1014 Veientes
197 981 276 1028 agrum
291 981 379 1027 quoque
394 966 550 1014 Romanorum
560 969 692 1030 populantes
709 971 744 1015 in·

69 1032 160 1079 ierunt:
183 1046 278 1091 quorum
291 1032 398 1079 bellorum
410 1040 524 1078 crescente
538 1032 598 1086 ouri,
617 1032 685 1081 Caeao
698 1034 744 1081 Fa·

68 1097 121 1144 biua
130 1104 156 1142 et
168 1095 206 1158 Sp·
218 1094 409 1144 Furiuaconsulea
417 1096 482 1143 fiunt
505 1096 626 1151 Ortonam,
639 1097 742 1146 Latinum

70 1163 158 1214 urbern,
171 1159 252 1221 AEqui
248 1163 417 1237 oppugnabant.
450 1160 566 1215 Veientes,
577 1162 653 1224 pleni
643 1179 691 1226 Jam
701 1180 743 1226 po-

68 1226 219 1290 pulationum,
240 1225 363 1272 Romam
357 1242 426 1288 ipram
446 1243 471 1274 ue
490 1236 657 1288 oppugnaturos
672 1229 744 1276 minu·

69 1293 163 1338 bantur
202 1290 249 1344 Qui
269 1299 372 1345 terrores,
396 1305 446 1337 oum
469 1307 610 1353 compescere
631 1293 742 1347 deberent,

69 1371 157 1403 auxere
173 1354 263 1417 insuper
279 1355 365 1402 arrimoa
383 1356 468 1418 plebis.
494 1356 621 1416 redibatque
639 1372 685 1403 non
704 1374 745 1404 sua

70 1428 154 1497 {ponte
164 1421 222 1482 plebi
233 1435 282 1466 mos
297 1421 432 1468 detrectandi
448 1421 561 1467 militiam:
581 1421 621 1466 md
632 1421 671 1482 Sp.
682 1420 744 1467 Lici·

70 1487 123 1534 niua
139 1485 241 1532 tribunus
257 1485 332 1546 plebia,
350 1487 439 1532 venisse
455 1494 544 1546 tempus
559 1491 621 1532 ratus
636 1500 677 1546 per
692 1485 745 1532 ulti-

70 1566 132 1598 mam
143 1550 299 1597 necessitatem
309 1551 366 1612 legia
376 1550 471 1613 agrariae
482 1549 586 1595 Patribus
593 1549 743 1611 injungendae,

69 1623 201 1677 susceperat
219 1630 265 1662 rem
285 1615 402 1662 militarem
421 1613 591 1675 impediendam.
630 1611 746 1660 Caeterum

69 1687 120 1728 tota
138 1680 222 1726 invidia
239 1680 361 1727 tnbuniciae
379 1680 506 1742 potestatis
511 1693 577 1724 verae
592 1677 616 1724 in
632 1684 745 1725 auctorem

69 1753 123 1794 ert.
145 1760 188 1792 nec
204 1745 227 1790 in
243 1761 295 1791 eum
311 1745 414 1792 consules
429 1744 509 1797 acrius,
529 1743 682 1805 quamipaiua
698 1745 746 1806 ειη

70 1810 175 1872 collegae,
199 1811 270 1857 coorti
289 1818 356 1857 sunt:
382 1810 509 1870 auxilioque
526 1824 611 1862 eanum,
634 1808 745 1855 delectum

70 1875 176 1922 eonsules
187 1875 275 1922 habent.
310 1874 404 1921 Adduo
415 1875 482 1921 simul
494 1874 552 1921 bellu
565 1874 677 1921 exercituo
692 1873 763 1920 acri·

69 1940 146 1988 bitur:
166 1939 279 1986 ducendus
295 1938 365 1986 Fabio
376 1940 399 1985 in
410 1939 506 2000 AEquoa,
521 1939 545 1984 in
557 1939 664 1987 Veientes
675 1937 745 1985 Furio

71 2005 145 2052 datur.
181 2004 215 2050 Et
231 2006 254 2050 in
267 2004 399 2051 Veientibus
414 2004 503 2065 quidem
519 2004 574 2050 nihil
588 2004 681 2066 dignum
697 2019 745 2050 me-

71 2067 145 2116 morid
157 2077 248 2130 gestum
262 2077 311 2116 eati
331 2069 400 2116 Fabio
413 2070 527 2131 aliquanto
536 2069 587 2131 plus
597 2069 683 2132 negotii
693 2083 745 2115 cum

72 2135 166 2186 civibus,
179 2149 246 2194 quam
257 2150 308 2180 curn
320 2135 427 2193 boatibut,
438 2133 489 2180 fuit.
519 2133 587 2180 Unus
597 2134 635 2181 ille
644 2135 686 2187 vir,
698 2134 746 2194 ipae

71 2198 160 2250 conoul,
177 2199 335 2260 rempublicam
350 2199 462 2252 rustinuit,
478 2215 546 2260 quam
560 2199 678 2252 exercitus
694 2197 746 2244 odio

71 2263 179 2316 consulis,
198 2264 343 2325 quantumin
361 2280 385 2310 ae
400 2263 449 2318 fuit,
467 2264 580 2325 prodebat.
615 2262 677 2310 Nam
693 2278 745 2310 eum

71 2327 160 2380 centul,
178 2335 261 2389 praeter
276 2335 369 2375 caeteras
384 2328 536 2389 imperatorias
552 2335 618 2380 artes,
636 2343 691 2388 quaa
706 2343 746 2388 po-

71 2393 144 2440 rnndo
159 2393 303 2456 gerendoque
316 2393 374 2440 bello
390 2393 459 2440 edidit
472 2393 585 2468 pbtrimm,
603 2393 635 2439 ita
647 2393 746 2438 instrux-

69 2459 127 2504 isset
137 2457 216 2510 aalma
233 2465 266 2511 ut,
283 2457 331 2504 uolo
346 2459 446 2518 equitatu
456 2458 545 2510 emitto,
561 2456 683 2504 exmcitm
694 2457 747 2501 boa·

71 2523 130 2569 tium
145 2520 280 2576 funderet'
274 2522 360 2584 insequi
346 2473 438 2569 eqfuaoa
451 2522 520 2584 pedea
534 2521 619 2568 ιιοιιιιι·
641 2536 683 2566 neo
696 2519 747 2564 llloa

72 2588 129 2662 (pul
140 2601 187 2632 non
198 2587 343 2634 adhortatio'
337 2587 403 2634 muiai
418 2585 491 2646 ducit)
508 2601 574 2633 auum
589 2585 667 2632 ultan
682 2583 747 2641 flugi-

72 2653 138 2707 tium,
160 2659 184 2699 et
198 2651 333 2716 publicum'
327 2667 350 2700 ιιι
361 2653 490 2716 prasentia
507 2650 610 2704 dedecus,
629 2646 748 2710 P⁰¹²ffl⁰d⁰

756 2819 759 2825 ’
823 2816 894 2916 Π
