<?xml version="1.0" encoding="UTF-8"?>
<!DOCTYPE html PUBLIC "-//W3C//DTD XHTML 1.0 Transitional//EN"
    "http://www.w3.org/TR/xhtml1/DTD/xhtml1-transitional.dtd">
<html xmlns="http://www.w3.org/1999/xhtml" xml:lang="en" lang="en">
 <head>
  <title>
</title>
<meta http-equiv="Content-Type" content="text/html;charset=utf-8" />
  <meta name='ocr-system' content='tesseract 3.04.00' />
  <meta name='ocr-capabilities' content='ocr_page ocr_carea ocr_par ocr_line ocrx_word'/>
</head>
<body>
  <div class='ocr_page' id='page_1' title='image "./tliviipatavinih05caregoog_0169.png"; bbox 0 0 1809 2934; ppageno 0'>
   <div class='ocr_carea' id='block_1_1' title="bbox 84 54 888 155">
    <p class='ocr_par' dir='ltr' id='par_1_1' title="bbox 84 54 888 155">
     <span class='ocr_line' id='line_1_1' title="bbox 84 54 888 155; baseline -0.005 -5"><span class='ocrx_word' id='word_1_1' title='bbox 84 54 91 67; x_wconf 47' lang='lat'><strong><em>⁴</em></strong></span> <span class='ocrx_word' id='word_1_2' title='bbox 189 111 236 155; x_wconf 64' lang='grc' dir='ltr'><strong>με</strong></span> <span class='ocrx_word' id='word_1_3' title='bbox 330 102 362 150; x_wconf 80' lang='grc' dir='ltr'><strong>τ.</strong></span> <span class='ocrx_word' id='word_1_4' title='bbox 375 99 464 148; x_wconf 77' lang='lat' dir='ltr'><strong>uun</strong></span> <span class='ocrx_word' id='word_1_5' title='bbox 480 98 532 147; x_wconf 67' lang='lat' dir='ltr'><strong>nm</strong></span> <span class='ocrx_word' id='word_1_6' title='bbox 547 97 594 145; x_wconf 85' lang='lat'><em>111.</em></span> <span class='ocrx_word' id='word_1_7' title='bbox 614 94 707 147; x_wconf 67' lang='lat' dir='ltr'><strong>eme.</strong></span> <span class='ocrx_word' id='word_1_8' title='bbox 887 82 888 153; x_wconf 77' lang='lat' dir='ltr'><strong>l</strong></span> 
     </span>
    </p>
   </div>
   <div class='ocr_carea' id='block_1_2' title="bbox 79 226 888 2675">
    <p class='ocr_par' dir='ltr' id='par_1_2' title="bbox 184 226 888 555">
     <span class='ocr_line' id='line_1_2' title="bbox 186 226 848 299; baseline -0.003 -20"><span class='ocrx_word' id='word_1_9' title='bbox 186 234 308 299; x_wconf 77' lang='lat' dir='ltr'><strong>periodum</strong></span> <span class='ocrx_word' id='word_1_10' title='bbox 324 245 411 277; x_wconf 83' lang='lat' dir='ltr'><strong>summa</strong></span> <span class='ocrx_word' id='word_1_11' title='bbox 427 243 507 281; x_wconf 87' lang='lat' dir='ltr'><strong>rerum,</strong></span> <span class='ocrx_word' id='word_1_12' title='bbox 525 229 548 274; x_wconf 91' lang='lat' dir='ltr'><strong>ui</strong></span> <span class='ocrx_word' id='word_1_13' title='bbox 564 226 593 273; x_wconf 88' lang='grc' dir='ltr'><strong>Τ.</strong></span> <span class='ocrx_word' id='word_1_14' title='bbox 606 227 712 281; x_wconf 76' lang='lat' dir='ltr'>Quintius</span> <span class='ocrx_word' id='word_1_15' title='bbox 727 230 848 293; x_wconf 72' lang='lat' dir='ltr'>peregrinis</span> 
     </span>
     <span class='ocr_line' id='line_1_3' title="bbox 186 292 846 363; baseline -0.009 -16"><span class='ocrx_word' id='word_1_16' title='bbox 186 301 255 363; x_wconf 86' lang='lat' dir='ltr'><strong>copiis</strong></span> <span class='ocrx_word' id='word_1_17' title='bbox 270 312 321 343; x_wconf 90' lang='lat' dir='ltr'><strong>cum</strong></span> <span class='ocrx_word' id='word_1_18' title='bbox 336 296 419 342; x_wconf 89' lang='lat' dir='ltr'><strong>Latino</strong></span> <span class='ocrx_word' id='word_1_19' title='bbox 434 292 579 353; x_wconf 84' lang='lat' dir='ltr'><strong>Hernicoque</strong></span> <span class='ocrx_word' id='word_1_20' title='bbox 593 294 691 339; x_wconf 82' lang='lat' dir='ltr'><strong>exercitu</strong></span> <span class='ocrx_word' id='word_1_21' title='bbox 702 295 846 341; x_wconf 81' lang='lat' dir='ltr'><strong>subvenisset.</strong></span> 
     </span>
     <span class='ocr_line' id='line_1_4' title="bbox 186 356 849 421; baseline -0.006 -10"><span class='ocrx_word' id='word_1_22' title='bbox 186 363 219 418; x_wconf 74' lang='lat' dir='ltr'><strong>Iu,</strong></span> <span class='ocrx_word' id='word_1_23' title='bbox 241 365 339 409; x_wconf 85' lang='lat' dir='ltr'><strong>intentos</strong></span> <span class='ocrx_word' id='word_1_24' title='bbox 359 360 383 405; x_wconf 93' lang='lat' dir='ltr'><strong>in</strong></span> <span class='ocrx_word' id='word_1_25' title='bbox 404 366 476 405; x_wconf 82' lang='lat' dir='ltr'><strong>castra</strong></span> <span class='ocrx_word' id='word_1_26' title='bbox 496 356 599 403; x_wconf 85' lang='lat' dir='ltr'><strong>Romana</strong></span> <span class='ocrx_word' id='word_1_27' title='bbox 620 357 716 417; x_wconf 76' lang='lat' dir='ltr'><strong>AEqutm,</strong></span> <span class='ocrx_word' id='word_1_28' title='bbox 738 358 849 421; x_wconf 81' lang='lat' dir='ltr'><strong>legatique</strong></span> 
     </span>
     <span class='ocr_line' id='line_1_5' title="bbox 185 422 848 491; baseline -0.008 -16"><span class='ocrx_word' id='word_1_29' title='bbox 185 436 252 491; x_wconf 85' lang='lat' dir='ltr'><strong>caput</strong></span> <span class='ocrx_word' id='word_1_30' title='bbox 266 426 370 473; x_wconf 77' lang='lat' dir='ltr'><strong>ferociter</strong></span> <span class='ocrx_word' id='word_1_31' title='bbox 385 429 528 475; x_wconf 69' lang='lat' dir='ltr'><strong>ostentantes,</strong></span> <span class='ocrx_word' id='word_1_32' title='bbox 546 423 573 467; x_wconf 89' lang='lat' dir='ltr'><strong>ab</strong></span> <span class='ocrx_word' id='word_1_33' title='bbox 588 428 652 483; x_wconf 84' lang='lat' dir='ltr'><strong>tergo</strong></span> <span class='ocrx_word' id='word_1_34' title='bbox 668 422 766 475; x_wconf 87' lang='lat' dir='ltr'><strong>adortus,</strong></span> <span class='ocrx_word' id='word_1_35' title='bbox 785 424 848 470; x_wconf 87' lang='lat' dir='ltr'><strong>simul</strong></span> 
     </span>
     <span class='ocr_line' id='line_1_6' title="bbox 184 460 888 555; baseline -0.003 -18"><span class='ocrx_word' id='word_1_36' title='bbox 184 494 213 542; x_wconf 80' lang='lat' dir='ltr'><strong>ad</strong></span> <span class='ocrx_word' id='word_1_37' title='bbox 232 494 320 555; x_wconf 83' lang='lat' dir='ltr'><strong>signum</strong></span> <span class='ocrx_word' id='word_1_38' title='bbox 336 505 350 535; x_wconf 86' lang='lat' dir='ltr'><strong>a</strong></span> <span class='ocrx_word' id='word_1_39' title='bbox 366 504 390 534; x_wconf 86' lang='lat' dir='ltr'><strong>se</strong></span> <span class='ocrx_word' id='word_1_40' title='bbox 404 487 483 549; x_wconf 87' lang='lat' dir='ltr'><strong>procul</strong></span> <span class='ocrx_word' id='word_1_41' title='bbox 497 486 580 533; x_wconf 88' lang='lat' dir='ltr'><strong>editum</strong></span> <span class='ocrx_word' id='word_1_42' title='bbox 596 501 625 532; x_wconf 85' lang='lat' dir='ltr'><strong>cx</strong></span> <span class='ocrx_word' id='word_1_43' title='bbox 641 487 719 533; x_wconf 87' lang='lat' dir='ltr'><strong>castris</strong></span> <span class='ocrx_word' id='word_1_44' title='bbox 734 488 848 549; x_wconf 84' lang='lat' dir='ltr'><strong>eruptione</strong></span> <span class='ocrx_word' id='word_1_45' title='bbox 887 460 888 549; x_wconf 62' lang='lat' dir='ltr'><strong>i</strong></span> 
     </span>
    </p>

    <p class='ocr_par' dir='ltr' id='par_1_3' title="bbox 155 550 847 679">
     <span class='ocr_line' id='line_1_7' title="bbox 155 550 847 616; baseline 0.001 -18"><span class='ocrx_word' id='word_1_46' title='bbox 155 573 159 579; x_wconf 90' lang='lat'><strong>·</strong></span> <span class='ocrx_word' id='word_1_47' title='bbox 183 556 249 610; x_wconf 66' lang='lat' dir='ltr'><strong>facti„</strong></span> <span class='ocrx_word' id='word_1_48' title='bbox 272 568 376 616; x_wconf 76' lang='lat' dir='ltr'><strong>magnam</strong></span> <span class='ocrx_word' id='word_1_49' title='bbox 395 553 441 598; x_wconf 85' lang='lat' dir='ltr'><strong>vim</strong></span> <span class='ocrx_word' id='word_1_50' title='bbox 463 550 559 597; x_wconf 84' lang='lat' dir='ltr'><strong>hostium</strong></span> <span class='ocrx_word' id='word_1_51' title='bbox 579 550 730 597; x_wconf 81' lang='lat' dir='ltr'><strong>circumvenit.</strong></span> <span class='ocrx_word' id='word_1_52' title='bbox 770 552 847 599; x_wconf 83' lang='lat' dir='ltr'><strong>Minor</strong></span> 
     </span>
     <span class='ocr_line' id='line_1_8' title="bbox 183 614 844 679; baseline -0.002 -14"><span class='ocrx_word' id='word_1_53' title='bbox 183 622 264 673; x_wconf 76' lang='lat' dir='ltr'><strong>oaedee,</strong></span> <span class='ocrx_word' id='word_1_54' title='bbox 275 619 330 679; x_wconf 83' lang='lat' dir='ltr'><strong>suga</strong></span> <span class='ocrx_word' id='word_1_55' title='bbox 339 615 429 663; x_wconf 83' lang='lat' dir='ltr'><strong>effusior</strong></span> <span class='ocrx_word' id='word_1_56' title='bbox 439 615 566 675; x_wconf 84' lang='lat' dir='ltr'><strong>AEquorum</strong></span> <span class='ocrx_word' id='word_1_57' title='bbox 574 615 598 660; x_wconf 84' lang='lat' dir='ltr'><strong>iu</strong></span> <span class='ocrx_word' id='word_1_58' title='bbox 608 630 663 677; x_wconf 76' lang='lat' dir='ltr'><strong>agro</strong></span> <span class='ocrx_word' id='word_1_59' title='bbox 672 615 716 662; x_wconf 90' lang='lat' dir='ltr'><strong>fuit</strong></span> <span class='ocrx_word' id='word_1_60' title='bbox 726 614 844 665; x_wconf 71' lang='lat' dir='ltr'><strong>Romano:</strong></span> 
     </span>
    </p>

    <p class='ocr_par' dir='ltr' id='par_1_4' title="bbox 148 678 847 746">
     <span class='ocr_line' id='line_1_9' title="bbox 148 678 847 746; baseline 0.004 -22"><span class='ocrx_word' id='word_1_61' title='bbox 148 720 151 724; x_wconf 82' lang='lat'><strong>.</strong></span> <span class='ocrx_word' id='word_1_62' title='bbox 182 688 273 746; x_wconf 73' lang='lat' dir='ltr'><strong>inques</strong></span> <span class='ocrx_word' id='word_1_63' title='bbox 286 683 377 744; x_wconf 71' lang='lat' dir='ltr'><strong>palatos,</strong></span> <span class='ocrx_word' id='word_1_64' title='bbox 393 680 491 741; x_wconf 80' lang='lat' dir='ltr'><strong>praedam</strong></span> <span class='ocrx_word' id='word_1_65' title='bbox 506 685 604 742; x_wconf 78' lang='lat' dir='ltr'><strong>agentes,</strong></span> <span class='ocrx_word' id='word_1_66' title='bbox 620 678 750 727; x_wconf 84' lang='lat' dir='ltr'><strong>Postumius</strong></span> <span class='ocrx_word' id='word_1_67' title='bbox 765 680 847 743; x_wconf 76' lang='lat' dir='ltr'><strong>aliquot</strong></span> 
     </span>
    </p>

    <p class='ocr_par' dir='ltr' id='par_1_5' title="bbox 104 744 846 1642">
     <span class='ocr_line' id='line_1_10' title="bbox 104 744 845 808; baseline -0.008 -11"><span class='ocrx_word' id='word_1_68' title='bbox 104 767 107 772; x_wconf 85' lang='grc'><strong>’</strong></span> <span class='ocrx_word' id='word_1_69' title='bbox 182 750 244 800; x_wconf 88' lang='lat' dir='ltr'><strong>locis,</strong></span> <span class='ocrx_word' id='word_1_70' title='bbox 257 748 335 808; x_wconf 90' lang='lat' dir='ltr'><strong>quibus</strong></span> <span class='ocrx_word' id='word_1_71' title='bbox 346 753 470 807; x_wconf 87' lang='lat' dir='ltr'><strong>opportuna</strong></span> <span class='ocrx_word' id='word_1_72' title='bbox 479 744 613 805; x_wconf 84' lang='lat' dir='ltr'><strong>imposuerat</strong></span> <span class='ocrx_word' id='word_1_73' title='bbox 619 744 728 805; x_wconf 67' lang='lat' dir='ltr'><strong>praesidia,</strong></span> <span class='ocrx_word' id='word_1_74' title='bbox 740 745 845 807; x_wconf 86' lang='lat' dir='ltr'><strong>impetum</strong></span> 
     </span>
     <span class='ocr_line' id='line_1_11' title="bbox 183 808 846 871; baseline -0.008 -11"><span class='ocrx_word' id='word_1_75' title='bbox 183 814 249 860; x_wconf 81' lang='lat' dir='ltr'><strong>dedit</strong></span> <span class='ocrx_word' id='word_1_76' title='bbox 285 810 375 871; x_wconf 68' lang='lat' dir='ltr'><strong>livingi,</strong></span> <span class='ocrx_word' id='word_1_77' title='bbox 390 809 495 870; x_wconf 84' lang='lat' dir='ltr'><strong>dissipato</strong></span> <span class='ocrx_word' id='word_1_78' title='bbox 505 808 595 870; x_wconf 70' lang='lat' dir='ltr'><strong>agritius</strong></span> <span class='ocrx_word' id='word_1_79' title='bbox 604 808 722 870; x_wconf 81' lang='lat' dir='ltr'><strong>fugientes,</strong></span> <span class='ocrx_word' id='word_1_80' title='bbox 737 810 761 854; x_wconf 90' lang='lat' dir='ltr'><strong>in</strong></span> <span class='ocrx_word' id='word_1_81' title='bbox 774 808 846 863; x_wconf 85' lang='lat' dir='ltr'><strong>Quin-</strong></span> 
     </span>
     <span class='ocr_line' id='line_1_12' title="bbox 180 874 845 927; baseline -0.005 -4"><span class='ocrx_word' id='word_1_82' title='bbox 180 879 238 927; x_wconf 85' lang='lat' dir='ltr'><strong>tium</strong></span> <span class='ocrx_word' id='word_1_83' title='bbox 248 876 362 927; x_wconf 78' lang='lat' dir='ltr'><strong>victorem,</strong></span> <span class='ocrx_word' id='word_1_84' title='bbox 380 889 431 919; x_wconf 88' lang='lat' dir='ltr'><strong>cum</strong></span> <span class='ocrx_word' id='word_1_85' title='bbox 446 874 520 919; x_wconf 82' lang='lat' dir='ltr'><strong>saucio</strong></span> <span class='ocrx_word' id='word_1_86' title='bbox 535 874 626 919; x_wconf 87' lang='lat' dir='ltr'><strong>consule</strong></span> <span class='ocrx_word' id='word_1_87' title='bbox 640 880 795 927; x_wconf 81' lang='lat' dir='ltr'><strong>revertentem,</strong></span> <span class='ocrx_word' id='word_1_88' title='bbox 812 875 845 921; x_wconf 87' lang='lat' dir='ltr'><strong>in-</strong></span> 
     </span>
     <span class='ocr_line' id='line_1_13' title="bbox 182 934 845 999; baseline -0.006 -10"><span class='ocrx_word' id='word_1_89' title='bbox 182 940 262 991; x_wconf 74' lang='lat' dir='ltr'><strong>cidere.</strong></span> <span class='ocrx_word' id='word_1_90' title='bbox 288 938 349 985; x_wconf 90' lang='lat' dir='ltr'><strong>Tum</strong></span> <span class='ocrx_word' id='word_1_91' title='bbox 359 937 480 984; x_wconf 81' lang='lat' dir='ltr'><strong>consularis</strong></span> <span class='ocrx_word' id='word_1_92' title='bbox 491 938 601 985; x_wconf 77' lang='lat' dir='ltr'><strong>exercitus</strong></span> <span class='ocrx_word' id='word_1_93' title='bbox 612 936 702 999; x_wconf 73' lang='lat' dir='ltr'><strong>egregii</strong></span> <span class='ocrx_word' id='word_1_94' title='bbox 709 934 845 999; x_wconf 77' lang='lat' dir='ltr'><strong>pugndcon·</strong></span> 
     </span>
     <span class='ocr_line' id='line_1_14' title="bbox 182 1002 843 1063; baseline -0.006 -10"><span class='ocrx_word' id='word_1_95' title='bbox 182 1006 236 1054; x_wconf 85' lang='lat' dir='ltr'><strong>sulis</strong></span> <span class='ocrx_word' id='word_1_96' title='bbox 254 1004 341 1057; x_wconf 70' lang='lat' dir='ltr'><strong>virinus,</strong></span> <span class='ocrx_word' id='word_1_97' title='bbox 361 1002 430 1063; x_wconf 83' lang='lat' dir='ltr'><strong>legati</strong></span> <span class='ocrx_word' id='word_1_98' title='bbox 448 1009 472 1047; x_wconf 86' lang='lat' dir='ltr'><strong>et</strong></span> <span class='ocrx_word' id='word_1_99' title='bbox 487 1002 611 1048; x_wconf 84' lang='lat' dir='ltr'><strong>cohortium</strong></span> <span class='ocrx_word' id='word_1_100' title='bbox 626 1002 686 1047; x_wconf 90' lang='lat' dir='ltr'><strong>ultus</strong></span> <span class='ocrx_word' id='word_1_101' title='bbox 702 1008 736 1049; x_wconf 86' lang='lat' dir='ltr'><strong>est</strong></span> <span class='ocrx_word' id='word_1_102' title='bbox 752 1002 843 1049; x_wconf 75' lang='lat' dir='ltr'><strong>cedem.</strong></span> 
     </span>
     <span class='ocr_line' id='line_1_15' title="bbox 183 1065 846 1131; baseline 0 -16"><span class='ocrx_word' id='word_1_103' title='bbox 183 1070 279 1131; x_wconf 81' lang='lat' dir='ltr'><strong>Magnae</strong></span> <span class='ocrx_word' id='word_1_104' title='bbox 297 1068 370 1114; x_wconf 83' lang='lat' dir='ltr'><strong>clades</strong></span> <span class='ocrx_word' id='word_1_105' title='bbox 388 1067 446 1111; x_wconf 88' lang='lat' dir='ltr'><strong>ultro</strong></span> <span class='ocrx_word' id='word_1_106' title='bbox 465 1065 564 1127; x_wconf 88' lang='lat' dir='ltr'><strong>citroque</strong></span> <span class='ocrx_word' id='word_1_107' title='bbox 582 1066 625 1111; x_wconf 90' lang='lat' dir='ltr'><strong>illis</strong></span> <span class='ocrx_word' id='word_1_108' title='bbox 643 1065 719 1113; x_wconf 89' lang='lat' dir='ltr'><strong>diebus</strong></span> <span class='ocrx_word' id='word_1_109' title='bbox 736 1074 760 1111; x_wconf 86' lang='lat' dir='ltr'><strong>et</strong></span> <span class='ocrx_word' id='word_1_110' title='bbox 778 1066 846 1115; x_wconf 79' lang='lat' dir='ltr'><strong>illntae</strong></span> 
     </span>
     <span class='ocr_line' id='line_1_16' title="bbox 182 1129 844 1193; baseline -0.002 -15"><span class='ocrx_word' id='word_1_111' title='bbox 182 1143 206 1182; x_wconf 82' lang='lat' dir='ltr'><strong>et</strong></span> <span class='ocrx_word' id='word_1_112' title='bbox 215 1140 319 1193; x_wconf 78' lang='lat' dir='ltr'><strong>acceptae.</strong></span> <span class='ocrx_word' id='word_1_113' title='bbox 355 1130 454 1177; x_wconf 84' lang='lat' dir='ltr'><strong>Difficile</strong></span> <span class='ocrx_word' id='word_1_114' title='bbox 464 1130 492 1176; x_wconf 88' lang='lat' dir='ltr'><strong>ad</strong></span> <span class='ocrx_word' id='word_1_115' title='bbox 501 1130 567 1177; x_wconf 91' lang='lat' dir='ltr'><strong>fidem</strong></span> <span class='ocrx_word' id='word_1_116' title='bbox 578 1138 613 1177; x_wconf 82' lang='lat' dir='ltr'><strong>est</strong></span> <span class='ocrx_word' id='word_1_117' title='bbox 623 1131 646 1176; x_wconf 88' lang='lat' dir='ltr'><strong>in</strong></span> <span class='ocrx_word' id='word_1_118' title='bbox 656 1138 702 1176; x_wconf 87' lang='lat' dir='ltr'><strong>tam</strong></span> <span class='ocrx_word' id='word_1_119' title='bbox 713 1129 803 1191; x_wconf 76' lang='lat' dir='ltr'><strong>antiqui</strong></span> <span class='ocrx_word' id='word_1_120' title='bbox 814 1147 844 1185; x_wconf 85' lang='lat' dir='ltr'><strong>re,</strong></span> 
     </span>
     <span class='ocr_line' id='line_1_17' title="bbox 181 1194 845 1259; baseline 0 -16"><span class='ocrx_word' id='word_1_121' title='bbox 181 1205 243 1259; x_wconf 57' lang='lat' dir='ltr'><strong>quot,</strong></span> <span class='ocrx_word' id='word_1_122' title='bbox 252 1196 400 1259; x_wconf 79' lang='lat' dir='ltr'><strong>pugnaverint</strong></span> <span class='ocrx_word' id='word_1_123' title='bbox 415 1194 567 1248; x_wconf 82' lang='lat' dir='ltr'><strong>ceciderintve,</strong></span> <span class='ocrx_word' id='word_1_124' title='bbox 585 1202 664 1241; x_wconf 85' lang='lat' dir='ltr'><strong>exacto</strong></span> <span class='ocrx_word' id='word_1_125' title='bbox 679 1194 789 1243; x_wconf 79' lang='lat' dir='ltr'><strong>affirmare</strong></span> <span class='ocrx_word' id='word_1_126' title='bbox 804 1210 845 1243; x_wconf 86' lang='lat' dir='ltr'><strong>nu·</strong></span> 
     </span>
     <span class='ocr_line' id='line_1_18' title="bbox 181 1258 845 1321; baseline -0.006 -11"><span class='ocrx_word' id='word_1_127' title='bbox 181 1278 257 1311; x_wconf 83' lang='lat' dir='ltr'><strong>mero:</strong></span> <span class='ocrx_word' id='word_1_128' title='bbox 278 1260 344 1307; x_wconf 83' lang='lat' dir='ltr'><strong>audet</strong></span> <span class='ocrx_word' id='word_1_129' title='bbox 358 1267 433 1305; x_wconf 84' lang='lat' dir='ltr'><strong>tamen</strong></span> <span class='ocrx_word' id='word_1_130' title='bbox 446 1258 527 1305; x_wconf 84' lang='lat' dir='ltr'><strong>Antias</strong></span> <span class='ocrx_word' id='word_1_131' title='bbox 537 1258 641 1305; x_wconf 82' lang='lat' dir='ltr'><strong>Valerius</strong></span> <span class='ocrx_word' id='word_1_132' title='bbox 655 1259 770 1321; x_wconf 82' lang='lat' dir='ltr'><strong>concipere</strong></span> <span class='ocrx_word' id='word_1_133' title='bbox 785 1275 845 1307; x_wconf 89' lang='lat' dir='ltr'><strong>sum-</strong></span> 
     </span>
     <span class='ocr_line' id='line_1_19' title="bbox 182 1321 846 1387; baseline -0.006 -12"><span class='ocrx_word' id='word_1_134' title='bbox 182 1342 244 1375; x_wconf 80' lang='lat' dir='ltr'><strong>mus:</strong></span> <span class='ocrx_word' id='word_1_135' title='bbox 268 1325 384 1373; x_wconf 83' lang='lat' dir='ltr'><strong>Romanos</strong></span> <span class='ocrx_word' id='word_1_136' title='bbox 402 1322 506 1369; x_wconf 85' lang='lat' dir='ltr'><strong>cecidisse</strong></span> <span class='ocrx_word' id='word_1_137' title='bbox 520 1322 543 1368; x_wconf 92' lang='lat' dir='ltr'><strong>in</strong></span> <span class='ocrx_word' id='word_1_138' title='bbox 561 1321 661 1369; x_wconf 89' lang='lat' dir='ltr'><strong>Hernico</strong></span> <span class='ocrx_word' id='word_1_139' title='bbox 677 1339 732 1385; x_wconf 80' lang='lat' dir='ltr'><strong>egro</strong></span> <span class='ocrx_word' id='word_1_140' title='bbox 747 1324 846 1387; x_wconf 91' lang='lat' dir='ltr'><strong>quinque</strong></span> 
     </span>
     <span class='ocr_line' id='line_1_20' title="bbox 182 1386 844 1451; baseline -0.006 -12"><span class='ocrx_word' id='word_1_141' title='bbox 182 1392 251 1439; x_wconf 84' lang='lat' dir='ltr'><strong>millia</strong></span> <span class='ocrx_word' id='word_1_142' title='bbox 260 1406 287 1437; x_wconf 83' lang='lat' dir='ltr'><strong>ac</strong></span> <span class='ocrx_word' id='word_1_143' title='bbox 298 1395 424 1445; x_wconf 76' lang='lat' dir='ltr'><strong>trecentos3</strong></span> <span class='ocrx_word' id='word_1_144' title='bbox 441 1402 471 1433; x_wconf 84' lang='lat' dir='ltr'><strong>cx</strong></span> <span class='ocrx_word' id='word_1_145' title='bbox 483 1386 640 1447; x_wconf 72' lang='lat' dir='ltr'><strong>praedatoribus</strong></span> <span class='ocrx_word' id='word_1_146' title='bbox 654 1386 789 1448; x_wconf 79' lang='lat' dir='ltr'><strong>AEquorum,</strong></span> <span class='ocrx_word' id='word_1_147' title='bbox 807 1390 844 1451; x_wconf 92' lang='lat' dir='ltr'><strong>qui</strong></span> 
     </span>
     <span class='ocr_line' id='line_1_21' title="bbox 181 1450 841 1521; baseline 0.002 -21"><span class='ocrx_word' id='word_1_148' title='bbox 181 1455 329 1521; x_wconf 65' lang='lat' dir='ltr'><strong>populabundi</strong></span> <span class='ocrx_word' id='word_1_149' title='bbox 344 1454 367 1498; x_wconf 88' lang='lat' dir='ltr'><strong>in</strong></span> <span class='ocrx_word' id='word_1_150' title='bbox 382 1451 462 1498; x_wconf 71' lang='lat' dir='ltr'><strong>fimbus</strong></span> <span class='ocrx_word' id='word_1_151' title='bbox 477 1450 586 1497; x_wconf 84' lang='lat' dir='ltr'><strong>Romanis</strong></span> <span class='ocrx_word' id='word_1_152' title='bbox 604 1453 746 1513; x_wconf 81' lang='lat' dir='ltr'><strong>vagabantur,</strong></span> <span class='ocrx_word' id='word_1_153' title='bbox 767 1454 795 1501; x_wconf 84' lang='lat' dir='ltr'><strong>ab</strong></span> <span class='ocrx_word' id='word_1_154' title='bbox 810 1454 841 1501; x_wconf 85' lang='grc' dir='ltr'><strong>Δ.</strong></span> 
     </span>
     <span class='ocr_line' id='line_1_22' title="bbox 182 1516 844 1577; baseline -0.006 -8"><span class='ocrx_word' id='word_1_155' title='bbox 182 1519 301 1569; x_wconf 85' lang='lat' dir='ltr'><strong>Postumio</strong></span> <span class='ocrx_word' id='word_1_156' title='bbox 311 1518 401 1565; x_wconf 85' lang='lat' dir='ltr'><strong>consule</strong></span> <span class='ocrx_word' id='word_1_157' title='bbox 411 1516 455 1562; x_wconf 92' lang='lat' dir='ltr'><strong>duo</strong></span> <span class='ocrx_word' id='word_1_158' title='bbox 466 1516 533 1562; x_wconf 89' lang='lat' dir='ltr'><strong>millia</strong></span> <span class='ocrx_word' id='word_1_159' title='bbox 542 1522 566 1562; x_wconf 88' lang='lat' dir='ltr'><strong>et</strong></span> <span class='ocrx_word' id='word_1_160' title='bbox 575 1516 747 1577; x_wconf 83' lang='lat' dir='ltr'><strong>quadringentos</strong></span> <span class='ocrx_word' id='word_1_161' title='bbox 758 1532 844 1575; x_wconf 84' lang='lat' dir='ltr'><strong>caesos;</strong></span> 
     </span>
     <span class='ocr_line' id='line_1_23' title="bbox 181 1580 845 1642; baseline 0 -13"><span class='ocrx_word' id='word_1_162' title='bbox 181 1593 285 1632; x_wconf 81' lang='lat' dir='ltr'><strong>eaeteram</strong></span> <span class='ocrx_word' id='word_1_163' title='bbox 297 1581 467 1634; x_wconf 88' lang='lat' dir='ltr'><strong>multitudinem,</strong></span> <span class='ocrx_word' id='word_1_164' title='bbox 483 1580 580 1641; x_wconf 79' lang='lat' dir='ltr'><strong>praedam</strong></span> <span class='ocrx_word' id='word_1_165' title='bbox 594 1588 705 1642; x_wconf 77' lang='lat' dir='ltr'><strong>agentem,</strong></span> <span class='ocrx_word' id='word_1_166' title='bbox 723 1596 776 1641; x_wconf 80' lang='lat' dir='ltr'><strong>quae</strong></span> <span class='ocrx_word' id='word_1_167' title='bbox 790 1582 845 1629; x_wconf 86' lang='lat' dir='ltr'><strong>inci-</strong></span> 
     </span>
    </p>

    <p class='ocr_par' dir='ltr' id='par_1_6' title="bbox 105 1642 888 2479">
     <span class='ocr_line' id='line_1_24' title="bbox 105 1642 845 1707; baseline -0.001 -12"><span class='ocrx_word' id='word_1_168' title='bbox 105 1684 109 1689; x_wconf 83' lang='grc'><em>.</em></span> <span class='ocrx_word' id='word_1_169' title='bbox 181 1650 238 1697; x_wconf 87' lang='lat' dir='ltr'><strong>derit</strong></span> <span class='ocrx_word' id='word_1_170' title='bbox 253 1651 277 1695; x_wconf 90' lang='lat' dir='ltr'><strong>in</strong></span> <span class='ocrx_word' id='word_1_171' title='bbox 293 1646 417 1700; x_wconf 71' lang='lat' dir='ltr'><strong>andum,</strong></span> <span class='ocrx_word' id='word_1_172' title='bbox 438 1642 575 1705; x_wconf 71' lang='lat' dir='ltr'><strong>nequiquam</strong></span> <span class='ocrx_word' id='word_1_173' title='bbox 591 1646 638 1707; x_wconf 85' lang='lat' dir='ltr'><strong>pari</strong></span> <span class='ocrx_word' id='word_1_174' title='bbox 654 1645 780 1693; x_wconf 83' lang='lat' dir='ltr'><strong>defunctam</strong></span> <span class='ocrx_word' id='word_1_175' title='bbox 795 1662 845 1694; x_wconf 86' lang='lat' dir='ltr'><strong>esse</strong></span> 
     </span>
     <span class='ocr_line' id='line_1_25' title="bbox 180 1708 844 1771; baseline -0.003 -12"><span class='ocrx_word' id='word_1_176' title='bbox 180 1714 254 1760; x_wconf 84' lang='lat' dir='ltr'><strong>caede:</strong></span> <span class='ocrx_word' id='word_1_177' title='bbox 275 1710 391 1761; x_wconf 83' lang='lat' dir='ltr'><strong>interfecta</strong></span> <span class='ocrx_word' id='word_1_178' title='bbox 403 1708 455 1755; x_wconf 86' lang='lat' dir='ltr'><strong>inde</strong></span> <span class='ocrx_word' id='word_1_179' title='bbox 466 1715 560 1769; x_wconf 89' lang='lat' dir='ltr'><strong>quatuor</strong></span> <span class='ocrx_word' id='word_1_180' title='bbox 574 1710 647 1763; x_wconf 81' lang='lat' dir='ltr'><strong>millia,</strong></span> <span class='ocrx_word' id='word_1_181' title='bbox 665 1717 688 1756; x_wconf 87' lang='lat' dir='ltr'><strong>et</strong></span> <span class='ocrx_word' id='word_1_182' title='bbox 702 1711 844 1771; x_wconf 75' lang='lat' dir='ltr'><strong>eiucquendo</strong></span> 
     </span>
     <span class='ocr_line' id='line_1_26' title="bbox 181 1772 845 1835; baseline 0 -12"><span class='ocrx_word' id='word_1_183' title='bbox 181 1777 289 1823; x_wconf 86' lang='lat' dir='ltr'><strong>subtiliter</strong></span> <span class='ocrx_word' id='word_1_184' title='bbox 304 1788 426 1826; x_wconf 79' lang='lat' dir='ltr'><strong>numerum,</strong></span> <span class='ocrx_word' id='word_1_185' title='bbox 447 1772 560 1827; x_wconf 86' lang='lat' dir='ltr'><strong>ducentos,</strong></span> <span class='ocrx_word' id='word_1_186' title='bbox 581 1774 617 1826; x_wconf 87' lang='lat' dir='ltr'><strong>ait,</strong></span> <span class='ocrx_word' id='word_1_187' title='bbox 636 1780 659 1819; x_wconf 88' lang='lat' dir='ltr'><strong>et</strong></span> <span class='ocrx_word' id='word_1_188' title='bbox 674 1773 773 1835; x_wconf 80' lang='lat' dir='ltr'><strong>triginta.</strong></span> <span class='ocrx_word' id='word_1_189' title='bbox 808 1774 845 1823; x_wconf 89' lang='lat' dir='ltr'><strong>Ut</strong></span> 
     </span>
     <span class='ocr_line' id='line_1_27' title="bbox 180 1836 844 1899; baseline -0.002 -13"><span class='ocrx_word' id='word_1_190' title='bbox 180 1840 278 1893; x_wconf 81' lang='lat' dir='ltr'><strong>Romam</strong></span> <span class='ocrx_word' id='word_1_191' title='bbox 294 1836 395 1890; x_wconf 86' lang='lat' dir='ltr'><strong>reditum,</strong></span> <span class='ocrx_word' id='word_1_192' title='bbox 412 1844 435 1882; x_wconf 86' lang='lat' dir='ltr'><strong>et</strong></span> <span class='ocrx_word' id='word_1_193' title='bbox 445 1838 557 1899; x_wconf 85' lang='lat' dir='ltr'><strong>justitium</strong></span> <span class='ocrx_word' id='word_1_194' title='bbox 572 1838 687 1885; x_wconf 87' lang='lat' dir='ltr'><strong>remissum</strong></span> <span class='ocrx_word' id='word_1_195' title='bbox 701 1846 742 1891; x_wconf 79' lang='lat' dir='ltr'><strong>cst,</strong></span> <span class='ocrx_word' id='word_1_196' title='bbox 760 1838 844 1886; x_wconf 86' lang='lat' dir='ltr'><strong>coelum</strong></span> 
     </span>
     <span class='ocr_line' id='line_1_28' title="bbox 180 1901 844 1964; baseline -0.002 -11"><span class='ocrx_word' id='word_1_197' title='bbox 180 1906 253 1953; x_wconf 77' lang='lat' dir='ltr'><strong>visum</strong></span> <span class='ocrx_word' id='word_1_198' title='bbox 263 1909 299 1949; x_wconf 84' lang='lat' dir='ltr'><strong>est</strong></span> <span class='ocrx_word' id='word_1_199' title='bbox 313 1901 389 1947; x_wconf 82' lang='lat' dir='ltr'><strong>ardere</strong></span> <span class='ocrx_word' id='word_1_200' title='bbox 400 1902 494 1962; x_wconf 89' lang='lat' dir='ltr'><strong>plurimo</strong></span> <span class='ocrx_word' id='word_1_201' title='bbox 508 1902 569 1964; x_wconf 82' lang='lat' dir='ltr'><strong>igni;</strong></span> <span class='ocrx_word' id='word_1_202' title='bbox 588 1910 734 1964; x_wconf 82' lang='lat' dir='ltr'><strong>portentaque</strong></span> <span class='ocrx_word' id='word_1_203' title='bbox 747 1904 791 1951; x_wconf 80' lang='lat' dir='ltr'><strong>alia</strong></span> <span class='ocrx_word' id='word_1_204' title='bbox 804 1914 844 1953; x_wconf 79' lang='lat' dir='ltr'><strong>aut</strong></span> 
     </span>
     <span class='ocr_line' id='line_1_29' title="bbox 180 1964 843 2031; baseline 0.002 -17"><span class='ocrx_word' id='word_1_205' title='bbox 180 1969 296 2015; x_wconf 82' lang='lat' dir='ltr'><strong>obversata</strong></span> <span class='ocrx_word' id='word_1_206' title='bbox 305 1966 381 2019; x_wconf 85' lang='lat' dir='ltr'><strong>oculis,</strong></span> <span class='ocrx_word' id='word_1_207' title='bbox 394 1973 433 2011; x_wconf 86' lang='lat' dir='ltr'><strong>aut</strong></span> <span class='ocrx_word' id='word_1_208' title='bbox 442 1980 511 2013; x_wconf 83' lang='lat' dir='ltr'><strong>vanas</strong></span> <span class='ocrx_word' id='word_1_209' title='bbox 522 1967 631 2013; x_wconf 84' lang='lat' dir='ltr'><strong>exterritis</strong></span> <span class='ocrx_word' id='word_1_210' title='bbox 641 1964 783 2015; x_wconf 65' lang='lat' dir='ltr'><strong>ostentavere</strong></span> <span class='ocrx_word' id='word_1_211' title='bbox 793 1983 843 2031; x_wconf 83' lang='lat' dir='ltr'><strong>spe·</strong></span> 
     </span>
     <span class='ocr_line' id='line_1_30' title="bbox 179 2030 844 2080; baseline 0.002 -1"><span class='ocrx_word' id='word_1_212' title='bbox 179 2033 231 2079; x_wconf 86' lang='lat' dir='ltr'><strong>cies.</strong></span> <span class='ocrx_word' id='word_1_213' title='bbox 267 2030 313 2077; x_wconf 92' lang='lat' dir='ltr'><strong>His</strong></span> <span class='ocrx_word' id='word_1_214' title='bbox 327 2030 451 2075; x_wconf 82' lang='lat' dir='ltr'><strong>avertendis</strong></span> <span class='ocrx_word' id='word_1_215' title='bbox 464 2031 582 2077; x_wconf 86' lang='lat' dir='ltr'><strong>terroribus</strong></span> <span class='ocrx_word' id='word_1_216' title='bbox 593 2031 617 2077; x_wconf 88' lang='lat' dir='ltr'><strong>in</strong></span> <span class='ocrx_word' id='word_1_217' title='bbox 628 2032 724 2077; x_wconf 90' lang='lat' dir='ltr'><strong>triduum</strong></span> <span class='ocrx_word' id='word_1_218' title='bbox 734 2030 797 2080; x_wconf 76' lang='lat' dir='ltr'><strong>feriae</strong></span> <span class='ocrx_word' id='word_1_219' title='bbox 808 2032 844 2079; x_wconf 84' lang='lat' dir='ltr'><strong>in·</strong></span> 
     </span>
     <span class='ocr_line' id='line_1_31' title="bbox 179 2094 844 2161; baseline 0.005 -19"><span class='ocrx_word' id='word_1_220' title='bbox 179 2097 251 2147; x_wconf 82' lang='lat' dir='ltr'><strong>dictae,</strong></span> <span class='ocrx_word' id='word_1_221' title='bbox 268 2109 308 2155; x_wconf 89' lang='lat' dir='ltr'><strong>per</strong></span> <span class='ocrx_word' id='word_1_222' title='bbox 322 2109 376 2153; x_wconf 80' lang='lat' dir='ltr'><strong>quas</strong></span> <span class='ocrx_word' id='word_1_223' title='bbox 391 2095 464 2141; x_wconf 90' lang='lat' dir='ltr'><strong>omnia</strong></span> <span class='ocrx_word' id='word_1_224' title='bbox 479 2095 568 2141; x_wconf 85' lang='lat' dir='ltr'><strong>delubra</strong></span> <span class='ocrx_word' id='word_1_225' title='bbox 579 2111 655 2157; x_wconf 81' lang='lat' dir='ltr'><strong>pacem</strong></span> <span class='ocrx_word' id='word_1_226' title='bbox 668 2094 746 2143; x_wconf 82' lang='lat' dir='ltr'><strong>Derim</strong></span> <span class='ocrx_word' id='word_1_227' title='bbox 761 2111 844 2161; x_wconf 81' lang='lat' dir='ltr'><strong>expos-</strong></span> 
     </span>
     <span class='ocr_line' id='line_1_32' title="bbox 178 2157 841 2222; baseline 0.003 -15"><span class='ocrx_word' id='word_1_228' title='bbox 178 2161 275 2207; x_wconf 85' lang='lat' dir='ltr'><strong>centium</strong></span> <span class='ocrx_word' id='word_1_229' title='bbox 296 2158 393 2204; x_wconf 80' lang='lat' dir='ltr'><strong>virorum</strong></span> <span class='ocrx_word' id='word_1_230' title='bbox 415 2160 574 2219; x_wconf 87' lang='lat' dir='ltr'><strong>mulierumque</strong></span> <span class='ocrx_word' id='word_1_231' title='bbox 597 2157 660 2207; x_wconf 78' lang='lat' dir='ltr'><strong>turbd</strong></span> <span class='ocrx_word' id='word_1_232' title='bbox 684 2160 841 2222; x_wconf 84' lang='lat' dir='ltr'><strong>implebantur.</strong></span> 
     </span>
     <span class='ocr_line' id='line_1_33' title="bbox 178 2221 888 2289; baseline 0.007 -21"><span class='ocrx_word' id='word_1_233' title='bbox 178 2223 290 2275; x_wconf 81' lang='lat' dir='ltr'><strong>cohortes</strong></span> <span class='ocrx_word' id='word_1_234' title='bbox 299 2222 351 2268; x_wconf 83' lang='lat' dir='ltr'><strong>iude</strong></span> <span class='ocrx_word' id='word_1_235' title='bbox 361 2221 449 2269; x_wconf 84' lang='lat' dir='ltr'><strong>Latinae</strong></span> <span class='ocrx_word' id='word_1_236' title='bbox 461 2222 612 2284; x_wconf 82' lang='lat' dir='ltr'><strong>Hernicaeque</strong></span> <span class='ocrx_word' id='word_1_237' title='bbox 622 2224 649 2271; x_wconf 89' lang='lat' dir='ltr'><strong>ab</strong></span> <span class='ocrx_word' id='word_1_238' title='bbox 663 2232 747 2279; x_wconf 83' lang='lat' dir='ltr'><strong>senatu,</strong></span> <span class='ocrx_word' id='word_1_239' title='bbox 763 2227 844 2289; x_wconf 75' lang='lat' dir='ltr'><strong>gratiis</strong></span> <span class='ocrx_word' id='word_1_240' title='bbox 887 2224 888 2287; x_wconf 63' lang='lat' dir='ltr'><strong>l</strong></span> 
     </span>
     <span class='ocr_line' id='line_1_34' title="bbox 176 2288 888 2349; baseline 0.001 -13"><span class='ocrx_word' id='word_1_241' title='bbox 176 2290 206 2337; x_wconf 86' lang='lat' dir='ltr'><strong>ob</strong></span> <span class='ocrx_word' id='word_1_242' title='bbox 223 2288 340 2349; x_wconf 59' lang='lat' dir='ltr'><strong>imp&#39;qram</strong></span> <span class='ocrx_word' id='word_1_243' title='bbox 358 2288 457 2334; x_wconf 77' lang='lat' dir='ltr'><strong>militiam</strong></span> <span class='ocrx_word' id='word_1_244' title='bbox 474 2288 535 2341; x_wconf 86' lang='lat' dir='ltr'><strong>actis,</strong></span> <span class='ocrx_word' id='word_1_245' title='bbox 555 2290 653 2335; x_wconf 86' lang='lat' dir='ltr'><strong>remissae</strong></span> <span class='ocrx_word' id='word_1_246' title='bbox 669 2288 754 2335; x_wconf 86' lang='lat' dir='ltr'><strong>domos.</strong></span> <span class='ocrx_word' id='word_1_247' title='bbox 790 2290 844 2337; x_wconf 85' lang='lat' dir='ltr'><strong>An·</strong></span> <span class='ocrx_word' id='word_1_248' title='bbox 887 2340 888 2345; x_wconf 62' lang='lat'>,</span> 
     </span>
     <span class='ocr_line' id='line_1_35' title="bbox 175 2352 844 2418; baseline 0.007 -22"><span class='ocrx_word' id='word_1_249' title='bbox 175 2354 248 2405; x_wconf 75' lang='lat' dir='ltr'><strong>tiates,</strong></span> <span class='ocrx_word' id='word_1_250' title='bbox 265 2352 325 2397; x_wconf 86' lang='lat' dir='ltr'><strong>mille</strong></span> <span class='ocrx_word' id='word_1_251' title='bbox 338 2352 425 2405; x_wconf 85' lang='lat' dir='ltr'><strong>milites,</strong></span> <span class='ocrx_word' id='word_1_252' title='bbox 442 2353 494 2412; x_wconf 88' lang='lat' dir='ltr'><strong>quis</strong></span> <span class='ocrx_word' id='word_1_253' title='bbox 508 2368 581 2401; x_wconf 86' lang='lat' dir='ltr'><strong>serum</strong></span> <span class='ocrx_word' id='word_1_254' title='bbox 595 2352 701 2399; x_wconf 83' lang='lat' dir='ltr'><strong>auxilium</strong></span> <span class='ocrx_word' id='word_1_255' title='bbox 714 2360 767 2415; x_wconf 81' lang='lat' dir='ltr'><strong>post</strong></span> <span class='ocrx_word' id='word_1_256' title='bbox 780 2369 844 2418; x_wconf 83' lang='lat' dir='ltr'><strong>proe·</strong></span> 
     </span>
     <span class='ocr_line' id='line_1_36' title="bbox 176 2416 888 2479; baseline -0.004 -13"><span class='ocrx_word' id='word_1_257' title='bbox 176 2418 231 2466; x_wconf 87' lang='lat' dir='ltr'><strong>lium</strong></span> <span class='ocrx_word' id='word_1_258' title='bbox 240 2425 354 2469; x_wconf 80' lang='lat' dir='ltr'><strong>venerant,</strong></span> <span class='ocrx_word' id='word_1_259' title='bbox 365 2433 433 2479; x_wconf 84' lang='lat' dir='ltr'><strong>prope</strong></span> <span class='ocrx_word' id='word_1_260' title='bbox 444 2432 494 2462; x_wconf 84' lang='lat' dir='ltr'><strong>cum</strong></span> <span class='ocrx_word' id='word_1_261' title='bbox 505 2416 626 2478; x_wconf 70' lang='lat' dir='ltr'><strong>ignominiis</strong></span> <span class='ocrx_word' id='word_1_262' title='bbox 636 2417 727 2464; x_wconf 83' lang='lat' dir='ltr'><strong>dimissi.</strong></span> <span class='ocrx_word' id='word_1_263' title='bbox 887 2444 888 2467; x_wconf 33' lang='lat' dir='ltr'><strong>r</strong></span> 
     </span>
    </p>

    <p class='ocr_par' dir='ltr' id='par_1_7' title="bbox 79 2478 888 2675">
     <span class='ocr_line' id='line_1_37' title="bbox 79 2478 888 2549; baseline 0.004 -22"><span class='ocrx_word' id='word_1_264' title='bbox 79 2532 84 2537; x_wconf 60' lang='grc'><strong>,</strong></span> <span class='ocrx_word' id='word_1_265' title='bbox 208 2479 253 2528; x_wconf 86' lang='lat' dir='ltr'><strong>vl.</strong></span> <span class='ocrx_word' id='word_1_266' title='bbox 274 2480 371 2530; x_wconf 79' lang='lat' dir='ltr'><strong>Comitia</strong></span> <span class='ocrx_word' id='word_1_267' title='bbox 380 2482 431 2528; x_wconf 89' lang='lat' dir='ltr'><strong>inde</strong></span> <span class='ocrx_word' id='word_1_268' title='bbox 440 2482 524 2528; x_wconf 86' lang='lat' dir='ltr'><strong>habita:</strong></span> <span class='ocrx_word' id='word_1_269' title='bbox 542 2482 609 2529; x_wconf 86' lang='lat' dir='ltr'><strong>creati</strong></span> <span class='ocrx_word' id='word_1_270' title='bbox 617 2478 843 2529; x_wconf 78' lang='lat' dir='ltr'><strong>consulesLAEbu·</strong></span> <span class='ocrx_word' id='word_1_271' title='bbox 887 2518 888 2549; x_wconf 35' lang='lat' dir='ltr'><strong>q</strong></span> 
     </span>
     <span class='ocr_line' id='line_1_38' title="bbox 174 2544 888 2611; baseline 0 -16"><span class='ocrx_word' id='word_1_272' title='bbox 174 2549 226 2601; x_wconf 86' lang='lat' dir='ltr'><strong>tius,</strong></span> <span class='ocrx_word' id='word_1_273' title='bbox 242 2545 270 2592; x_wconf 81' lang='lat' dir='ltr'><strong>P.</strong></span> <span class='ocrx_word' id='word_1_274' title='bbox 282 2546 388 2594; x_wconf 83' lang='lat' dir='ltr'><strong>Servilius</strong></span> <span class='ocrx_word' id='word_1_275' title='bbox 399 2544 503 2594; x_wconf 81' lang='lat' dir='ltr'><strong>Calendis</strong></span> <span class='ocrx_word' id='word_1_276' title='bbox 514 2546 638 2601; x_wconf 83' lang='lat' dir='ltr'><strong>Sextilibus,</strong></span> <span class='ocrx_word' id='word_1_277' title='bbox 654 2555 680 2594; x_wconf 89' lang='lat' dir='ltr'><strong>ut</strong></span> <span class='ocrx_word' id='word_1_278' title='bbox 694 2554 747 2593; x_wconf 87' lang='lat' dir='ltr'><strong>tunc</strong></span> <span class='ocrx_word' id='word_1_279' title='bbox 758 2546 843 2610; x_wconf 82' lang='lat' dir='ltr'><strong>princi-</strong></span> <span class='ocrx_word' id='word_1_280' title='bbox 887 2552 888 2611; x_wconf 62' lang='grc' dir='ltr'>ξ</span> 
     </span>
     <span class='ocr_line' id='line_1_39' title="bbox 174 2610 888 2675; baseline 0.001 -15"><span class='ocrx_word' id='word_1_281' title='bbox 174 2614 236 2675; x_wconf 82' lang='lat' dir='ltr'><strong>pium</strong></span> <span class='ocrx_word' id='word_1_282' title='bbox 246 2612 298 2659; x_wconf 86' lang='lat' dir='ltr'><strong>anni</strong></span> <span class='ocrx_word' id='word_1_283' title='bbox 307 2612 419 2675; x_wconf 64' lang='lat' dir='ltr'><strong>egebam,</strong></span> <span class='ocrx_word' id='word_1_284' title='bbox 431 2610 570 2657; x_wconf 83' lang='lat' dir='ltr'><strong>consulatum</strong></span> <span class='ocrx_word' id='word_1_285' title='bbox 580 2612 663 2659; x_wconf 83' lang='lat' dir='ltr'><strong>ineunt.</strong></span> <span class='ocrx_word' id='word_1_286' title='bbox 694 2610 774 2661; x_wconf 87' lang='lat' dir='ltr'><strong>Grave</strong></span> <span class='ocrx_word' id='word_1_287' title='bbox 783 2620 843 2661; x_wconf 82' lang='lat' dir='ltr'><strong>tem·</strong></span> <span class='ocrx_word' id='word_1_288' title='bbox 887 2622 888 2627; x_wconf 76' lang='grc'>’</span> 
     </span>
    </p>
   </div>
   <div class='ocr_carea' id='block_1_3' title="bbox 0 0 910 2934">
    <p class='ocr_par' dir='ltr' id='par_1_8' title="bbox 0 0 910 2934">
     <span class='ocr_line' id='line_1_40' title="bbox 0 0 910 2934; baseline 0 2"><span class='ocrx_word' id='word_1_289' title='bbox 0 0 910 2934; x_wconf 95' lang='lat' dir='ltr'><strong> </strong></span> 
     </span>
    </p>
   </div>
  </div>
 </body>
</html>
