1809 2934
157 127 206 177 15⁸
289 119 320 167 Τ.
334 118 422 167 LIVII
437 118 491 169 Lm·
506 116 553 166 III.
573 115 685 167 Cur-17.

155 256 202 301 bet.
237 250 384 297 Mansuetum
398 248 421 295 id
434 248 524 301 melum,
542 256 566 294 et
575 262 616 309 per
624 246 718 295 oliorum
728 245 832 307 qrrietem
888 258 889 287 r

159 318 268 365 melorum
277 330 364 377 semper
373 314 482 367 exoriens,
495 321 588 373 tumque
597 327 646 359 esse
656 313 776 374 peregrino
785 320 833 361 ter.
888 306 889 327 ³

161 399 212 429 rore
226 381 322 442 sopitum
337 378 464 435 videbatur.¹
492 378 527 423 At
537 378 560 423 id
570 392 639 438 prope
650 391 719 423 unum
730 392 834 425 maxime

158 447 271 494 inclinatis
285 445 350 491 rebus
361 443 473 489 incubuit:
492 448 568 489 tantus
582 442 641 487 enirn
655 441 756 488 tribunos
766 440 835 489 firror
888 478 889 503 ,

161 511 240 563 tenuit,
258 515 339 555 utnon
348 508 437 559 bellum,
456 506 495 553 sed
505 520 585 553 vsnum
596 506 715 567 imaginem
726 504 787 571 belli,
802 506 833 553 mi

160 574 295 623 avertendos
310 573 338 618 sb
353 571 410 631 legis
425 568 479 617 curi
494 570 563 631 plebis
579 571 672 623 mimos,
692 568 832 631 Capitolium

160 640 269 687 insedisse
278 636 450 682 contenderent:
469 634 610 695 pstricionrm
619 635 717 695 hospites
727 634 834 683 elim

162 720 212 765 que
231 703 249 748 si
264 697 349 762 peristi
361 699 412 760 lege
421 698 503 745 frustm
517 700 663 745 tumultuatos
678 714 728 745 esse
739 713 765 747 se
780 714 834 747 sen»

162 770 226 819 siant,
238 765 328 826 majore,
340 779 406 824 quom
414 763 523 816 venerint,
536 764 623 811 silentio
631 762 736 811 obituros.
767 761 833 811 Con.
888 758 889 807 l

161 832 239 879 cilium
247 830 298 875 inde
304 828 350 891 legi
360 827 497 889 perferendae
507 828 594 881 hebere,
606 835 700 874 svoosto
709 828 795 891 populo
804 829 833 875 sls

163 896 238 943 armis·
273 893 380 939 Senatum
398 892 487 939 interim
506 892 610 939 eonsules
628 893 723 949 hohent;
744 892 791 939 ulio
809 908 835 939 se

163 961 248 1021 majore
256 958 283 1003 ab
293 957 386 1004 tribunis
397 964 459 1004 metu
469 956 607 1011 ostendente,
623 971 689 1018 qusm
699 971 767 1017 qna
779 972 836 1005 noo·

164 1032 244 1071 turnus
254 1022 325 1067 hostis
334 1021 445 1067 intulerat.

198 1083 284 1133 XVII.
303 1083 425 1144 Postquam
435 1100 498 1131 erma
508 1086 568 1146 poni,
581 1092 605 1133 et
611 1084 724 1133 discedere
730 1086 835 1135 homines

162 1152 194 1198 sb
213 1149 343 1196 stationibus
361 1148 487 1195 nuntiatum
506 1158 547 1203 est,
570 1148 598 1196 P.
618 1149 728 1204 Valerius,
746 1149 837 1213 colbgd

167 1222 269 1261 senatum
283 1214 399 1266 retinente,
417 1228 443 1259 se
456 1227 485 1260 ex
495 1210 556 1259 curii
565 1214 663 1276 proripit,
680 1215 733 1261 irrde
743 1216 767 1260 in
778 1222 837 1261 terrr-

137 1315 139 1318 .
167 1280 230 1342 plum
239 1278 269 1323 sd
278 1279 378 1324 trrlrunos
388 1278 463 1325 venit:
483 1284 499 1307 “
508 1276 571 1331 Quid
580 1279 623 1325 hoc
638 1278 669 1327 rei
681 1277 741 1332 est,”
755 1280 837 1341 inquit,

171 1351 187 1374 “
195 1341 294 1390 tribuni?
317 1342 363 1404 Ap.
377 1341 489 1388 Herdonii
504 1342 573 1389 ductu
589 1351 612 1389 et
627 1343 725 1405 suspirio
747 1356 837 1406 ternpu-

169 1408 251 1455 blicsm
258 1408 357 1454 eversuri
365 1406 435 1453 estis?
451 1405 510 1453 Tsm
523 1406 579 1453 felix
591 1407 654 1455 vobis
668 1409 837 1469 conompmdrs

169 1473 219 1527 fuit,
237 1473 275 1533 qui
285 1472 376 1519 servitia
385 1479 460 1518 vestra
470 1485 516 1517 non
528 1473 650 1519 commovit
664 1472 759 1519 auctor?
777 1472 837 1522 Corn

170 1540 247 1585 hostes
263 1552 329 1599 supro
345 1542 412 1597 ceput
428 1535 481 1589 sint,
498 1535 580 1583 discedi
598 1538 626 1583 ab
641 1537 714 1589 ermis,
731 1537 839 1599 legesque

169 1602 222 1649 ferri
235 1599 340 1663 plseet?”
357 1599 458 1647 Indead
472 1600 636 1649 multitudinem
647 1602 748 1648 orstione
756 1600 835 1651 versis

171 1667 221 1714 “Si
234 1681 276 1714 vos
292 1666 359 1718 urbis,
377 1664 485 1719 Quirites,
503 1666 522 1712 si
536 1667 605 1713 vestri
615 1666 675 1713 nulls
685 1681 740 1715 curs
749 1666 838 1728 tangit3

170 1738 194 1777 nt
210 1746 252 1777 vos
267 1729 376 1777 veremini
394 1728 461 1776 Deos
479 1737 573 1785 vestros,
590 1732 617 1779 sb
632 1730 732 1777 hostibus
751 1738 836 1792 coptos

170 1792 259 1855 Jupiter
270 1792 375 1853 Optimus
386 1792 510 1847 Maximus,
521 1793 584 1845 June
594 1796 677 1856 regins,
689 1802 712 1851 et
723 1794 837 1849 Minores.

170 1858 208 1905 olii
216 1856 258 1903 Dii
266 1854 370 1916 Deaeqm
380 1856 520 1905 obsidentur:
535 1866 607 1905 castrs
617 1872 731 1907 servemur
738 1860 839 1921 publicos

170 1928 260 1969 vestros
269 1927 361 1981 penates
371 1926 456 1967 tenent.
492 1920 552 1969 Haec
562 1924 625 1971 vobis
635 1922 707 1969 forins
714 1938 776 1972 ssuse
785 1926 838 1973 civi.

170 1986 224 2033 tatis
230 1982 335 2031 videtur?
351 1982 451 2031 Tantum
459 1986 558 2033 hostium
565 2002 610 2034 non
619 1988 690 2035 solum
699 1988 840 2037 intramus·

172 2056 214 2103 est,
232 2048 271 2095 sed
284 2048 309 2094 in
318 2063 370 2095 aree
380 2064 447 2111 suprs
456 2049 530 2099 forum
544 2052 683 2113 curiamque:
703 2053 795 2099 comitis
806 2054 841 2099 in-
888 2084 889 2103 r

148 2139 152 2144 ·
173 2115 238 2161 terim
251 2113 276 2158 in
287 2112 339 2160 foro
353 2121 419 2159 sunt:
439 2122 528 2161 senatus
538 2116 562 2161 in
573 2114 633 2163 curii
643 2124 690 2165 est:
710 2118 774 2165 velut
788 2133 839 2165 otuu
888 2114 889 2165 l

173 2178 243 2225 otium
255 2186 350 2239 superat,
367 2186 458 2226 senator
468 2180 599 2227 sententiam
611 2180 675 2227 dicit:
695 2181 732 2227 olii
741 2180 843 2235 Quirites
888 2176 889 2217 l

174 2241 305 2303 suffragium
315 2243 400 2289 ineunt.
426 2243 498 2305 *Nom
511 2244 616 2305 quidquid
626 2243 719 2291 Petrum
729 2246 842 2309 plebisque

174 2315 216 2360 est,
234 2307 343 2361 eonsules,
361 2308 468 2362 tribunos,
481 2308 553 2363 Deos,
566 2310 710 2369 hominesque
718 2324 800 2358 omues
807 2326 842 2359 sr-

175 2379 247 2419 mstos
258 2388 324 2434 opem
332 2372 398 2426 ferre
415 2373 439 2418 in
451 2372 587 2434 Capitolium
598 2390 692 2427 currere,
710 2374 804 2423 liberare
816 2390 842 2423 se
888 2418 889 2429 ,

175 2452 254 2549 ffiwe
272 2438 452 2498 augustissimum
474 2438 534 2485 illam
556 2441 647 2487 domum
668 2438 734 2487 Jovis
755 2438 841 2503 Optimi
888 2436 889 2509 J

205 2501 274 2549 eximi
291 2502 382 2549 decuit?
407 2502 507 2550 Romule
525 2511 594 2565 pater,
611 2512 636 2550 tu
655 2512 755 2551 mentem
771 2512 840 2557 tunm,

175 2564 220 2628 qui
229 2567 340 2628 quondam
350 2582 432 2621 arcem,
449 2569 477 2615 sb
488 2569 522 2615 his
533 2569 610 2615 iisdem
622 2568 710 2616 Sabinis
722 2584 778 2617 suro
793 2584 843 2631 esp
888 2592 889 2607 r

175 2639 228 2686 tum,
242 2633 350 2695 recepisti,
361 2633 390 2679 ds
400 2633 463 2695 stirpi
474 2640 533 2681 ttrae:
548 2634 603 2696 jube
613 2634 670 2683 hune
680 2634 841 2698 ingredimur
