1809 2934
216 139 247 189 T.
261 139 349 189 mvn
364 141 417 190 Lm.
431 142 480 190 ΠΙ.
499 142 559 193 Car.
574 150 611 193 14.
686 153 732 199 155

60 272 129 324 “Se,
147 269 210 317 haud
222 270 294 317 multo
308 277 358 333 post
373 286 438 333 quam
453 273 611 334 pestilentiam
622 275 733 328 unbeina-

61 346 105 389 nt,
123 336 148 380 in
154 335 308 397 Juventutem,
323 343 463 396 grassantem
474 338 497 384 in
510 336 603 395 Sulpuni,
615 338 731 387 incidisse:

60 401 92 448 ihi
102 400 179 445 rixam
190 406 266 445 natam
277 414 333 453 esse,
341 399 476 461 fratremque
484 416 548 449 suurn
557 404 664 465 majorem
671 411 733 463 naus

60 465 161 512 neodum
181 478 211 509 ex
228 464 306 509 morbo
324 465 377 511 satis
395 466 499 519 validum,
523 482 601 529 pugno
619 468 688 514 ictum
706 470 734 523 ab

60 528 171 581 Caesone,
185 527 291 575 cecidisse
301 530 458 575 semianimem.
479 529 541 577 inter
552 546 631 578 manus
642 532 733 579 domurn

58 594 169 647 ablatum,
188 599 345 654 mortuumque
362 594 414 640 iude
430 594 544 653 arbitrari;
565 610 607 642 nec
626 597 666 643 sibi
686 612 733 650 rem

57 657 155 718 exsequi
172 664 219 702 tarn
234 664 332 703 atrocem
346 674 385 719 per
401 660 504 706 consules
514 661 652 722 superiorum
663 675 734 709 anno·

56 738 110 769 rum
122 719 243 767 licuisse.”
277 719 338 767 Haec
351 722 442 768 Volscio
458 724 590 779 clamitante,
608 725 663 772 adeo
678 740 733 773 con-

56 787 124 834 citati
140 786 245 831 homiues
260 793 319 838 sunt,
336 793 363 832 ut
377 787 435 833 haud
449 788 544 835 multum
562 788 661 843 abfuerit,
679 791 734 851 quin

56 852 150 913 impetu
160 850 237 911 populi
249 847 316 898 Caeso
327 850 433 897 interiret.
470 852 586 915 Virginius
596 854 662 916 arripi
668 855 733 918 jubet

56 915 188 966 nominem,
200 914 256 959 etin
267 915 356 961 vincula
365 915 423 962 duci.
445 914 536 963 Patricii
547 926 624 965 contra
634 919 657 965 vi
665 920 732 967 resis-

55 987 120 1027 tunt.
134 976 165 1024 Τ.
175 977 282 1031 Quintius
288 979 393 1034 clamitat,
402 988 417 1009 ‘⁶
426 978 470 1029 Cui
478 982 508 1027 rei
516 982 613 1043 capitalis
621 983 668 1031 dies
675 984 734 1032 dicta

55 1046 95 1097 sit,
115 1051 141 1089 et
152 1043 182 1088 tle
195 1058 240 1103 quo
249 1042 349 1090 futurum
359 1060 427 1107 prope
437 1045 495 1092 diem
501 1046 619 1108 judicium,
636 1062 687 1094 euru
698 1049 734 1095 in·

55 1110 195 1157 demnatum
211 1105 294 1153 indicti
308 1107 374 1155 causi
388 1125 433 1155 uon
448 1110 527 1157 debere
543 1108 646 1158 violari.”
679 1110 733 1159 Tri·

54 1176 137 1221 bsmus
148 1178 166 1201 ‘⁴
175 1171 323 1233 supplicium”
334 1179 401 1235 negat
414 1181 563 1221 “sumturum
574 1190 599 1223 se
609 1176 636 1223 de
646 1176 733 1224 indem-

56 1246 132 1294 nat03
149 1243 290 1282 servaturum
305 1244 380 1284 tamen
396 1238 421 1283 in
438 1239 532 1285 vinculis
549 1256 598 1287 esse
614 1242 643 1287 ad
654 1241 733 1303 judieii

57 1304 139 1357 diem
162 1307 196 1353 ut,
216 1302 254 1361 qui
273 1301 385 1347 hominem
404 1304 523 1356 necaverit,
541 1303 568 1350 de
587 1319 614 1351 eo
633 1306 733 1367 supplicii

58 1363 168 1413 manendi
179 1365 243 1427 copia
252 1366 334 1427 populo
344 1365 449 1414 Romano
466 1366 531 1413 fiat.”
564 1368 676 1429 Appellnti
692 1370 733 1415 iri·

57 1431 116 1477 buni
129 1427 204 1475 medio
214 1429 302 1476 decreto
309 1432 348 1493 jus
358 1432 433 1477 auxilii
444 1433 479 1477 sui
490 1431 623 1492 expediuntz
642 1433 665 1477 in
682 1433 732 1478 vin-

58 1496 113 1541 cula
131 1494 220 1557 conjici,
237 1501 327 1540 vetant:
352 1495 400 1541 sisti
419 1511 489 1548 reum,
506 1496 672 1557 pecuniamque,
690 1497 733 1541 nisi

57 1561 161 1612 sistam,
173 1558 256 1620 populo
266 1560 372 1620 promitti,
383 1560 470 1622 placere
480 1560 630 1621 pronuntiant.
666 1560 734 1606 Sum·

57 1623 733 1751 ffiiniitttmmitlriitwia'iz

59 1750 234 1799 consumatur
245 1750 332 1805 Patres,
350 1761 449 1799 retentus
459 1754 482 1798 in
494 1752 580 1815 publico
597 1759 645 1799 est:
664 1752 732 1799 vades

61 1818 116 1864 (lere
127 1815 225 1879 placuit:
244 1830 313 1862 unum
329 1817 408 1864 radan
423 1819 492 1863 tribus
506 1817 601 1864 millibus
616 1817 667 1863 seris
677 1816 733 1864 obli-

60 1878 162 1945 girnntr
181 1887 237 1941 quot
251 1880 362 1935 darentur,
380 1882 511 1944 permissum
523 1882 616 1929 tribunis
626 1889 674 1929 est:
693 1882 733 1929 de

60 1961 113 1993 oms
134 1942 258 1997 finierrmtz,
281 1952 317 1992 tot
337 1945 429 1993 vadibus
449 1955 564 1994 accusator
586 1947 677 1995 vadatus
698 1954 733 1993 est

60 2025 136 2057 rernm·
172 2006 221 2055 Hie
235 2009 320 2073 primus
330 2010 397 2058 vades
421 2011 506 2057 ublicos
516 2011 583 2073 (ladit.x
617 2010 733 2059 Dimissus

61 2074 147 2121 eforo
165 2082 233 2121 nocte
248 2072 349 2136 proximi
367 2075 391 2121 in
407 2028 495 2123 iussos
511 2076 534 2121 in
551 2076 653 2123 exsilium
669 2076 729 2123 abiit.

61 2138 148 2187 ludicii
167 2138 204 2184 die
222 2154 274 2184 eum
292 2149 435 2187 exornaretur
452 2141 525 2187 solum
547 2141 640 2188 vertisse
660 2138 732 2187 exsilii

63 2201 140 2258 causi
154 2202 299 2251 nihilominus
308 2203 411 2267 virginio
423 2206 513 2251 comitia
523 2205 623 2258 habente,
638 2205 732 2265 collegae

62 2267 168 2331 appellati
179 2264 418 2315 dimisireconcilium.
452 2268 733 2331 Pecunisapatreexacts

62 2332 192 2385 matites,
209 2339 242 2386 ut,
259 2331 376 2379 divenditis
393 2334 495 2381 ommius
511 2334 582 2387 bouis,
600 2332 732 2393 aliquamdiu

62 2404 127 2443 trans
137 2395 246 2450 liberius,
255 2396 324 2443 veluti
333 2398 450 2461 relegatus,
460 2398 524 2445 derio
535 2398 629 2461 quodam
641 2396 732 2459 tugurio

61 2463 159 2507 viveret.

94 2522 172 2571 XIV·
191 2523 245 2570 Hoc
259 2524 368 2587 judicium
386 2533 410 2572 et
425 2543 489 2589 prom
543 2534 566 2573 ta
581 2526 619 2572 lex
634 2524 733 2573 exercuit

60 2588 193 2636 civitatem
207 2588 499 2637 abaternisarmisotium
519 2592 558 2637 uit.
594 2588 661 2641 Cum,
671 2586 733 2633 velut
765 2632 771 2639 .

61 2656 172 2709 victores,
189 2652 277 2709 numi,
294 2654 400 2719 perculsis
412 2654 517 2703 Patribus
531 2652 634 2704 Caesonis
646 2650 732 2707 exsilior
