1809 2934
169 120 217 167 1⁵2
300 117 331 167 Τ.
344 114 431 165 LIVII
448 114 563 165 1212111.
582 112 643 167 Car.
657 118 695 163 11.

164 249 229 301 (licta
247 243 323 309 nequi
333 247 356 293 iu
365 247 416 294 loca
426 260 513 294 summa
523 244 583 293 urbia
593 246 695 309 impetur,
712 246 840 309 cedesque

164 312 311 360 indefierent
345 311 408 358 luter
418 319 499 359 caetera
512 312 629 363 monitum,
646 318 671 356 ut
686 310 838 359 seditionibus

164 378 316 424 abstineretur.
352 376 380 422 Id
389 376 473 423 factum
485 377 512 423 ad
522 374 681 439 impediendam
691 376 775 437 legem,
792 378 837 423 tri-

163 444 217 488 buni
244 442 431 497 criminabantur3
461 442 584 502 ingensque
607 440 682 487 aderat
705 448 832 487 certamen.

165 506 228 553 Ecce
247 508 283 569 (ut
299 506 357 551 idem
373 505 396 550 in
412 506 514 567 singular
529 518 599 551 annos
615 504 673 550 orbiu
688 504 834 565 volveretur)

165 570 260 617 Hernici
272 570 379 621 nuntiant,
393 568 490 616 Volscos
501 577 524 616 et
538 569 633 629 AEquoa,
649 569 691 615 etsi
702 570 785 616 accim
796 584 837 617 rea

164 635 215 687 rint,
232 633 321 681 'reticere
331 634 455 690 exercitum
472 634 537 681 Antii
548 648 656 680 summam
671 634 703 679 rei
716 634 835 694 positam

163 698 255 745 Ecetrae
273 698 377 744 Antiates
392 698 485 744 colonos
500 699 572 761 palam
588 698 681 744 concilia
695 696 787 745 lacerer
809 699 834 744 id

163 769 236 823 caput
252 777 290 807 eoa
303 762 362 807 vireo
375 762 427 807 belli
440 777 496 809 erre.
533 762 567 809 Ut
580 763 630 808 baec
644 762 703 808 alicta
715 762 739 807 in
750 770 833 809 semna

164 833 222 878 aunt,
246 826 344 871 delectur
364 826 471 873 edicitur:
498 828 600 873 consuler
618 826 669 873 belli
689 826 835 874 adminiatra-

163 890 247 936 tionem
256 891 315 936 inter
325 906 349 936 ae
359 891 468 951 dispertiri
478 892 542 953 jussi,
559 892 620 938 alteri
632 885 657 937 ut
667 889 753 943 volsci,
766 891 833 937 alteri

163 961 189 999 ut
207 954 277 1015 AEqui
296 956 409 1016 provincia
427 962 492 1001 esset.
530 954 624 1002 Tribuni
643 969 717 1001 coram
736 955 760 1001 in
779 954 834 1002 foro

161 1030 286 1079 personare,
301 1018 431 1066 “Fabulam
442 1020 587 1081 compositam
596 1018 674 1066 Volaci
684 1018 750 1076 beili;
766 1016 834 1067 Her·

162 1082 225 1128 nicos
243 1084 271 1129 ad
289 1090 362 1144 parter
380 1091 475 1143 parator.
514 1083 566 1131 Jam
588 1099 617 1131 ne
637 1084 721 1130 virtrrte
738 1083 831 1145 quidun

161 1147 832 1273 nnn

163 1267 203 1321 atti
213 1283 293 1337 aponte
302 1291 443 1337 armapoaae,
451 1277 499 1337 jam
510 1276 564 1323 fider
575 1277 657 1329 abierit,
670 1290 742 1322 novos
752 1277 832 1324 hortea

163 1340 246 1399 quaeri:
265 1341 374 1386 coloniam
386 1340 460 1393 fidam,
476 1342 629 1402 propinquam,
645 1339 750 1387 infamem
763 1340 827 1388 fierit

161 1404 243 1450 bellum
253 1405 350 1451 innoxiis
361 1406 488 1451 Antiatibus
498 1405 571 1458 indici,
583 1406 631 1467 geri
643 1420 693 1451 cum
704 1405 768 1466 plebe
778 1404 830 1453 Ro·

67 1498 70 1506 2
162 1467 244 1526 mani3
268 1484 342 1530 quam,
366 1477 479 1515 oneratam
500 1469 572 1522 armis,
596 1484 625 1515 ex
646 1470 700 1515 urbe
719 1470 830 1533 precipiti

161 1534 252 1595 agmine
270 1536 339 1580 acturi
357 1541 438 1586 eaaent,
458 1533 536 1579 exsilio
553 1540 576 1579 et
591 1534 727 1595 relegatione
745 1533 829 1581 civium
890 1540 891 1559 ³

161 1596 293 1644 ulciscenter
307 1600 412 1645 tribunos.
448 1598 486 1644 Sic
503 1598 544 1661 (ne
557 1598 610 1657 quid
623 1598 682 1645 alud
697 1604 772 1645 notram
787 1614 831 1660 pu-

162 1664 221 1721 tent)
232 1663 314 1708 victam
322 1656 395 1723 legem
406 1676 469 1718 eare3
486 1661 534 1715 nisi,
547 1662 599 1708 (lum
610 1662 633 1707 in
643 1662 733 1725 integro
743 1676 780 1709 rea
792 1664 828 1717 sit.

161 1724 215 1771 (lum
225 1726 292 1777 domi,
308 1726 361 1771 dum
375 1726 446 1787 togati
461 1727 511 1778 rint,
528 1733 627 1779 caveam,
643 1741 673 1772 ne
686 1727 829 1788 ponendouc

161 1790 221 1835 urbia
235 1790 349 1851 pellantur,
367 1804 396 1834 ne
404 1790 487 1851 jugum
502 1790 616 1852 accipiant.
652 1790 676 1836 Si
691 1792 780 1837 animun
790 1793 826 1847 ait,
888 1814 889 1822 1

161 1866 207 1896 uon
228 1852 304 1899 defore
324 1852 443 1899 auxilium:
470 1856 596 1901 consentire
613 1868 691 1901 oroneo
709 1856 825 1903 tribunam

161 1916 247 1961 nullum
263 1923 369 1963 terrorem
385 1925 510 1971 externum,
527 1912 612 1965 nullum
628 1918 750 1980 periculum
767 1935 824 1967 eree.
887 1942 888 1950 ¹

161 1976 255 2027 cavisse
273 1980 338 2026 Deos
353 1982 427 2043 priore
441 1996 508 2036 anno,
528 1990 554 2030 ut
569 1990 619 2030 tuto
634 1984 722 2031 hbeatas
738 1983 826 2032 mma

160 2042 262 2103 postest
296 2044 356 2091 Haec
367 2046 456 2092 tribuni.

193 2106 239 2153 XI.
265 2108 299 2154 At
316 2123 346 2155 ex
363 2116 427 2171 purte
446 2108 516 2159 alteri
536 2112 638 2159 mnnrles
659 2114 682 2158 in
704 2119 826 2175 compertu

159 2184 244 2225 eorum,
260 2172 339 2234 poaitir
353 2174 418 2227 sellia,
437 2175 546 2223 delectum
560 2177 681 2223 habebant:
703 2192 731 2225 eo
747 2177 827 2224 (lecur-
885 2184 886 2208 l

159 2242 212 2281 runt
230 2238 318 2290 tnbuni‚
339 2239 513 2300 conciobonque
532 2256 606 2287 aecum
622 2242 719 2288 trabunt.
755 2238 825 2289 citati

158 2300 230 2359 pauci,
252 2303 314 2348 velut
335 2303 365 2349 rei
386 2304 526 2365 experiendae
544 2304 625 2369 counit
651 2313 674 2352 et
696 2305 770 2352 atatim
790 2306 826 2353 rit

158 2371 241 2411 coorta,
278 2366 448 2428 Quemcumque
461 2368 526 2415 lictor
537 2370 602 2431 jumu
618 2370 716 2415 conarssia
730 2370 825 2431 preben-

159 2427 233 2482 ‹liraet
253 2431 353 2478 tribunus
370 2433 429 2479 mitti
445 2434 551 2494 jubebat:
576 2448 648 2494 neque
664 2448 729 2480 suum
746 2434 825 2495 cuiune
883 2447 884 2466 ¹

153 2492 194 2552 jus
210 2494 301 2541 modum
316 2496 414 2550 iaciebat,
434 2497 475 2543 aed
489 2498 569 2544 virium
644 2506 668 2545 et
683 2512 751 2545 manu
768 2500 824 2545 obti-

158 2559 255 2605 nendum
270 2568 324 2614 erat,
344 2562 404 2621 quod
421 2560 553 2609 intenderes.
628 2562 784 2611 emedrrrodum
800 2578 824 2609 re
882 2562 883 2594 l

157 2623 239 2671 tribuni
254 2625 376 2688 genuam
390 2627 414 2672 iu
429 2626 565 2687 probibendo
580 2626 673 2683 delectu
694 2627 727 2675 aio
744 2624 823 2675 Patre·
