1809 2934
186 177 188 180 ·
206 154 236 203 Τ.
249 155 337 204 LlVll
354 155 406 206 1211.
422 155 455 204 II.
474 156 589 206 Car-,888
685 167 732 214 109

67 285 147 332 intenta
166 285 246 332 civitas
263 286 311 332 erit.
347 285 451 340 Memini,
471 287 523 347 quid
532 304 573 350 per
583 290 683 337 eamdem
693 299 733 339 oc-

67 351 174 398 cesionem
186 351 213 399 ab
230 351 362 397 Sabinorum
374 352 496 413 juventute
510 353 534 398 in
550 353 592 399 hac
608 355 661 400 urbe
671 371 733 402 com-

66 413 153 462 missum
165 414 201 461 sit.
239 415 326 468 Horret
340 417 434 470 animus,
458 431 487 462 ne
503 418 557 478 quid
566 418 692 466 inconsulte
707 435 733 468 ac

66 486 145 526 temere
155 479 203 526 flat
240 479 307 532 Haec,
328 479 404 527 nostri
414 479 532 542 vestrique
542 480 615 535 coust,
628 484 689 544 priua
699 485 738 531 ‹li-1

64 545 130 590 nenda
139 545 211 598 vobis,
224 545 333 598 consules,
352 553 412 592 ratus
424 561 480 592 sum.
517 546 587 600 Quod
596 548 625 594 ad
634 563 673 594 me
682 551 734 596 atti·

63 617 104 664 net,
119 610 236 670 extemplo
246 611 298 656 hinc
309 610 400 656 domum
411 612 471 657 abire
480 612 503 656 in
514 613 589 658 animo
599 619 641 665 est,
653 628 684 659 ne
693 629 734 660 cu·

56 675 93 734 jus
109 673 164 721 fecti
182 674 265 720 dictive
279 675 412 736 contagione
424 691 524 737 praesens
540 675 637 723 violer.”
671 677 733 726 Haec

60 738 146 786 locmm
157 739 218 785 abiit.
255 737 367 788 Consules
377 756 428 786 cum
443 741 472 786 ad
487 739 566 788 Patres
581 757 628 788 rem
643 742 732 790 dubiam

61 805 99 850 snb
111 811 207 851 auctore
221 811 283 850 certo
298 804 435 858 detulissent,
453 814 531 851 auctor
545 807 625 868 magia,
644 808 681 870 (ut
691 807 731 868 fit)

59 884 125 928 quam
137 884 182 922 res,
194 868 225 915 ad
232 869 403 930 praecavendum
415 869 451 916 vel
461 885 490 915 ex
500 886 637 932 supervacuo
645 874 728 920 movit:

58 933 164 995 lectoque
175 933 387 987 senatos-consulto,
404 943 429 980 ut
442 935 519 980 urbem
530 935 663 983 excederent
673 936 732 984 Vol·

58 999 96 1051 sci,
115 1013 235 1061 praecones
250 998 397 1051 dimittuntur,
416 1000 455 1058 qui
472 1015 550 1046 omnes
567 1015 607 1048 eos
621 1001 732 1062 proficisci

57 1073 110 1112 cue
124 1071 217 1110 noctem
228 1064 339 1125 juberent
376 1061 462 1124 Ingena
476 1079 545 1126 pavor
559 1065 631 1126 primo
645 1065 731 1113 discur-

58 1137 132 1176 rentes
155 1127 184 1176 nd
206 1143 258 1174 suas
280 1143 315 1174 res
337 1127 445 1174 tollendas
466 1129 489 1173 in
511 1130 606 1191 hospitia
626 1132 727 1192 perculit,
827 1160 830 1164 .

57 1192 256 1240 proficiscentibus
273 1192 352 1238 deinde
366 1193 489 1255 indignatio
507 1195 597 1241 oborta:
622 1201 637 1224 ‘⁶
649 1195 686 1249 Se,
704 1203 731 1243 ut

56 1259 223 1305 consceleratos
234 1257 446 1318 contaminatosque
460 1259 487 1304 ab
497 1259 561 1312 ludis,
573 1258 637 1306 festis
644 1259 728 1316 diebus,

56 1322 307 1406 coetu”quodammodo
326 1323 441 1368 hominnm
461 1322 617 1385 Deorumque,
640 1325 731 1372 abactos

56 1404 113 1434 m
256 1427 262 1445 Ι

85 1449 243 1499 xxxvm.
267 1449 327 1499 Cum
342 1467 411 1513 prope
421 1451 552 1498 continuato
562 1451 654 1512 agmine
663 1452 728 1506 irent

54 1531 198 1579 praegreaaus
208 1515 289 1562 Tullus
304 1516 332 1563 ad
346 1524 412 1578 caput
427 1515 581 1567 Ferentinum,
597 1517 730 1576 utquisque

55 1583 150 1634 reniret,
160 1581 270 1643 primores
276 1597 353 1628 eorum
362 1581 482 1641 excipiens,
492 1579 605 1638 querendo
612 1579 730 1645 indignan-

53 1647 136 1708 doque,
146 1654 171 1692 et
179 1660 219 1692 eoa
226 1647 286 1708 ipsos,
295 1646 372 1692 sedulo
380 1645 495 1692 audientes
501 1643 599 1691 secunda
605 1644 646 1690 irae
653 1645 727 1700 verba,

53 1723 76 1758 et
87 1727 130 1773 per
140 1726 181 1758 eoa
192 1710 356 1757 multitudinem
367 1710 432 1756 adem
443 1709 467 1754 in
478 1709 601 1770 subjectum
614 1709 658 1755 viae
667 1724 730 1756 cam·

53 1793 108 1838 pum
119 1775 220 1822 defluxu
248 1773 282 1822 Ibi
292 1775 316 1820 in
327 1774 441 1821 concionis
451 1774 544 1821 modum
555 1774 677 1821 orationem
688 1788 729 1820 ex·

53 1855 127 1895 orsus,
148 1847 164 1869 ‘⁴
175 1839 271 1888 Veteres
288 1841 363 1902 populi
381 1839 480 1886 Romani
497 1839 594 1901 injurias,
611 1838 729 1900 cladesque

52 1906 130 1969 gentis
140 1904 286 1958 Volscorum,
298 1913 324 1952 ut
335 1903 435 1958 omnia‚”
450 1904 530 1965 inquit,
546 1901 736 1951 “obliviscamini

52 1973 102 2025 alia,
118 1969 249 2018 hodiernam
260 1971 317 2016 hanc
328 1969 486 2026 contumeliam
497 1984 542 2031 quo
552 1969 641 2015 tandem
652 1969 730 2017 animo

52 2035 123 2089 sertis,
152 2032 197 2096 qui
220 2050 261 2096 per
284 2043 382 2082 nostram
407 2034 554 2097 ignominiam
577 2034 642 2080 ludos
663 2047 728 2080 corn·

53 2099 157 2148 miser&
190 2099 293 2146 Annon
309 2100 415 2153 sensistis,
437 2099 596 2160 triumphatum
615 2097 681 2145 hodie
699 2098 729 2144 de

52 2165 116 2212 vobis
137 2163 207 2212 ease?
231 2180 273 2211 voe
295 2164 402 2217 omnibus,
426 2163 518 2218 civibus,
540 2163 670 2225 peregrinis,
693 2170 730 2210 tot

52 2230 155 2276 finitimis
168 2229 263 2292 populis,
280 2228 405 2292 spectaculo
420 2229 526 2276 abeunte·
535 2225 623 2276 fulan&
641 2235 729 2274 neutras

52 2296 170 2358 conjuges,
184 2302 271 2342 vestros
281 2294 361 2341 liberos
372 2293 486 2340 traductos
496 2307 536 2355 per
546 2307 586 2340 ora
596 2291 727 2340 hominum?

54 2359 118 2414 Qno
130 2374 179 2412 eos,
197 2359 235 2420 qui
249 2356 353 2406 audivere
368 2373 448 2406 vocem
464 2352 601 2420 praeconis?
610 2357 671 2419 quid,
687 2357 728 2418 qui

54 2440 95 2471 ros
106 2422 184 2470 videre
194 2423 317 2470 abeuntes?
333 2424 387 2485 quid
397 2439 443 2477 eos,
460 2423 499 2484 qui
512 2423 565 2471 huic
576 2421 727 2485 ignominioso

52 2489 139 2552 agmini
153 2486 218 2535 fuere
228 2489 293 2543 obvii,
309 2486 448 2536 existimasse
462 2487 562 2550 nitatis?
581 2488 624 2535 nisi
638 2484 728 2546 aliquod

53 2551 156 2615 profecto
175 2553 237 2600 nefas
256 2570 311 2607 esse,
332 2570 385 2615 quo,
407 2554 424 2599 ei
444 2553 573 2600 intersimus
591 2547 726 2613 specuculoo

53 2619 157 2666 violaturi
177 2619 246 2665 simus
264 2619 336 2672 ludos,
359 2618 516 2680 piaculumque
534 2616 649 2663 meritorie
676 2613 728 2658 ideo

53 2698 95 2730 nos
105 2684 134 2730 ab
145 2683 301 2746 sedecimum,
315 2691 383 2739 coetu,
400 2683 541 2740 concilioque
553 2681 620 2740 abigi·
656 2676 725 2731 Quid·

85 2762 138 2796 von.
153 2762 169 2794 1.
484 2759 501 2814 n
