1809 2934
167 526 209 591 Τ.
234 526 352 593 LIVII
380 527 609 593 PATAVINI

245 711 352 760 mana
368 692 542 763 rannus(

82 991 101 1039 1.
121 992 204 1039 Aramo
220 997 293 1055 empto,
310 990 347 1038 Tr.
361 990 507 1037 AEmiiiunet
524 990 555 1046 Q.
567 990 650 1039 Fabius
665 1008 721 1039 con·

52 1058 108 1105 aulea
118 1056 184 1103 fiunt.
221 1054 269 1103 Hic
279 1065 328 1103 erat
338 1056 421 1103 Fabius
432 1055 539 1111 Quintus,
556 1058 594 1119 qui
609 1073 667 1104 unus
682 1073 722 1105 ex-

52 1123 138 1168 rtinotae
148 1121 178 1167 ad
189 1118 319 1168 Cremeram
330 1122 393 1185 genti
404 1121 550 1183 superfuerat.
585 1120 638 1170 Jam
649 1123 723 1185 priore

51 1186 168 1234 oonmlatu
177 1184 285 1233 AEmiliua
293 1187 359 1233 dandi
367 1187 416 1249 agri
424 1187 481 1248 plebi
489 1186 654 1234 fueratanctor.
674 1185 723 1233 Ita

51 1250 199 1312 memorando
205 1265 294 1311 quoque
299 1252 417 1298 consulatu
422 1253 471 1314 ejus
477 1260 501 1298 et
506 1252 586 1314 agrarii
595 1268 619 1297 se
628 1252 650 1298 in
659 1267 722 1315 spem

50 1316 106 1379 hgia
115 1323 242 1368 erexerant,
258 1323 281 1362 et
291 1317 373 1363 tanoni
388 1332 442 1370 rem,
460 1324 538 1363 oontm
548 1314 651 1363 eonsules
662 1316 723 1378 siepe

50 1388 165 1434 tentatam,
178 1380 279 1444 adjutore
289 1382 366 1442 ntique
375 1382 474 1435 consule,
491 1381 585 1428 obtineri
595 1396 661 1441 posse
672 1382 720 1433 rati,

50 1446 190 1508 macipiunt3
203 1445 314 1493 etconsul
322 1447 425 1493 manebat
432 1447 456 1492 in
468 1442 578 1492 sententii
589 1442 636 1491 eni.
664 1443 722 1490 Poa-

50 1526 148 1557 terrore·
159 1518 183 1557 et
193 1526 276 1573 magna
285 1527 337 1573 para
348 1510 449 1564 Parrum,
466 1510 589 1556 tribuniciis
602 1524 627 1555 se
637 1510 723 1571 Jaotere

49 1576 174 1623 actionrhra
188 1575 311 1638 principem
325 1575 429 1628 civitatis,
445 1582 469 1621 et
482 1574 598 1635 largiendo
612 1574 640 1619 de
651 1573 723 1619 alieno

50 1641 180 1703 popularem
195 1639 244 1687 iieri
260 1649 384 1702 querentes,
403 1640 472 1685 totius
488 1638 594 1685 invidiam
610 1638 641 1683 rei
656 1653 669 1683 a
683 1638 724 1683 tri·

50 1706 113 1751 brania
128 1705 153 1751 in
167 1706 283 1751 consulem
298 1712 431 1753 averterant
468 1703 543 1750 Atrox
558 1710 669 1749 certamen
684 1702 723 1749 od-

50 1779 104 1823 erat,
121 1771 145 1816 ni
158 1768 243 1817 Fahiua
252 1771 346 1817 coneilio
356 1770 429 1817 neutri
439 1769 497 1832 parti
508 1769 587 1815 eoerbo
598 1784 644 1814 rem
656 1782 723 1830 expe-

50 1836 135 1882 einez
164 1842 181 1863 ‘⁶
191 1834 222 1881 T.
242 1834 331 1889 Quintii
350 1836 419 1882 ductu
436 1841 461 1881 et
479 1834 577 1896 auspicio
597 1834 645 1896 agri
665 1830 723 1895 capti

49 1902 123 1962 priore
133 1913 194 1945 anno
205 1900 342 1960 aliquantum
352 1916 367 1947 a
374 1899 466 1946 Voleoie
476 1914 538 1945 eam:
556 1899 662 1957 Antium.
670 1912 723 1960 pro-

49 1966 162 2027 pinquum,
176 1972 332 2027 opportunam,
344 1972 367 2011 et
375 1965 508 2011 maritimam
518 1964 601 2017 urbem,
612 1963 722 2010 coloniam
762 1999 776 2017 ,

49 2030 128 2077 deduci
139 2044 220 2092 poree:
239 2030 277 2083 ita,
294 2031 343 2075 aine
353 2030 448 2090 querelis
459 2044 619 2091 possessorum,
636 2028 722 2090 plebem

49 2096 72 2140 in
82 2110 151 2157 agree
161 2095 251 2147 imram,
264 2095 377 2141 civitatem
388 2095 411 2139 in
424 2091 543 2141 concordii
552 2091 627 2139 forest’
662 2092 723 2141 Haec

50 2160 161 2207 tentantia
175 2167 267 2222 ncoepta
279 2170 322 2205 eet.
357 2157 499 2205 Triumviros
512 2174 567 2220 ngro
579 2158 651 2205 dando
663 2164 723 2205 creat

50 2223 79 2269 Τ.
91 2224 220 2279 antinm,
236 2224 267 2270 A.
278 2223 415 2286 Virginirrm,
432 2223 460 2270 P.
472 2222 573 2270 Furium.
608 2221 670 2271 Jueai
682 2237 724 2269 no-

50 2291 110 2335 mina
119 2290 182 2342 dare.
198 2289 236 2349 qui
247 2303 327 2351 agrum
338 2289 437 2351 accipere
447 2288 537 2335 velient.
573 2286 638 2335 Fecit
649 2288 723 2335 rtatim

51 2356 87 2415 (ut
98 2353 137 2414 tt)
153 2353 269 2400 fastidium
285 2355 363 2415 eopia;
383 2354 482 2414 adeoque
497 2353 561 2415 pauci
578 2353 669 2399 nomina
685 2354 723 2399 de·

50 2416 109 2473 dere,
124 2426 152 2465 ut
166 2419 195 2464 ad
208 2418 343 2480 explendum
354 2433 472 2465 nnmerum
483 2418 557 2464 coloni
567 2417 646 2463 Volsci
657 2416 724 2464 adde·

50 2491 143 2531 reomr:
174 2490 257 2529 eaetaa
279 2483 399 2530 multitudo
422 2498 515 2545 poacere
539 2482 621 2529 Romae
643 2497 723 2545 agrum

50 2549 123 2602 malle.
138 2562 208 2610 quam
219 2548 270 2595 alibi
279 2548 386 2610 accipere.
420 2548 492 2609 AEqui
504 2563 518 2594 a
528 2546 559 2601 Q„
571 2546 641 2594 Fabio
655 2546 686 2610 (ia
696 2560 724 2591 eo

50 2630 101 2661 rum
111 2613 215 2660 exercitu
226 2610 328 2672 venerat)
339 2627 417 2675 paoem
425 2610 524 2675 petiere3
538 2613 667 2671 irritamque
674 2624 723 2657 eam

51 2680 91 2741 ipei
103 2676 179 2725 subiti
188 2678 317 2726 incursione
327 2678 350 2724 in
360 2693 441 2741 agrurn
453 2677 559 2725 Latinum
570 2672 651 2721 seoire.
