1809 2934
216 128 246 183 Τ.
257 130 344 183 mvn
361 133 414 183 Lm.
428 130 476 184 111.
496 132 555 187 Car.
567 132 614 185 5ss
694 140 741 189 sot

71 261 178 313 libertsue
185 266 208 312 in
219 268 348 313 servitutem
359 266 455 314 dederit:
470 266 489 313 si
499 267 527 314 ad
532 267 630 349 judicem
642 280 687 315 uon
697 276 748 323 sat,v

72 345 116 392 pro
126 330 234 377 mmnato
245 332 268 376 in
280 332 370 378 vinerrla
381 330 531 395 ducijubere'
575 332 610 379 Ut
620 334 678 379 haud
686 348 743 393 quo-

73 409 142 455 quam
154 396 301 471 improbante,
319 396 353 442 sic
365 411 450 458 magno
464 404 527 443 motu
542 397 672 450 animorum,
690 412 744 443 cuns

72 460 130 505 tanti
146 460 190 506 viri
208 461 315 522 supplicio
332 468 418 508 suamet
435 462 518 523 plebi
507 477 556 524 Jsm
572 460 639 507 nimis
654 462 743 509 libertas

187 526 244 577 ‚in
262 540 372 571 carcerem
394 534 428 572 est
450 526 577 588 conjectus:
603 526 703 573 tribunus
722 527 743 572 ei

72 588 132 635 (Eun
144 557 252 651 prodixit.
287 588 352 635 Inter
365 591 414 635 haec
424 591 451 637 ab
462 590 549 637 Latinis
560 597 583 636 et
594 590 700 637 Hernicis
710 590 742 636 ls-

71 654 121 715 gati
135 655 273 715 gratulatum
287 654 317 700 de
329 654 448 701 concordia
461 654 554 702 Patrum
569 671 595 701 ac
607 655 676 716 plebis
692 654 743 701 Ro-

70 732 134 763 mam
144 726 270 765 venerunt·
262 718 408 779 ,donumque
418 720 446 765 ob
457 734 506 765 eam
513 720 567 768 Jovi
575 720 667 781 Optimo
672 719 743 767 Max

71 783 120 828 isuo
128 798 235 829 coronam
246 784 368 829 aureamin
377 782 513 844 Capitolium
524 782 597 831 tulere
607 784 669 847 parvi
684 800 741 845 pon-

71 846 139 900 deris,
156 855 225 909 prout
240 862 275 894 res
289 848 348 894 baud
360 848 475 909 opulentae
484 856 553 901 erant,
571 849 744 910 colebanturque
827 847 831 857 “

70 910 225 974 ¹25ng
204 927 240 988 pie
249 912 322 973 magis
332 927 399 972 quam
410 912 534 974 magnifica
570 912 652 961 Iisdem
663 922 742 961 aucto-

70 977 134 1023 ribus
153 977 269 1038 cognitum
288 984 329 1031 est.
347 976 437 1037 AEquos
455 976 603 1054 Volscosque
614 975 742 1025 summias
734 979 740 991 '

70 1041 157 1087 bellum
174 1056 285 1103 appmare
321 1040 401 1103 Itaque
414 1042 490 1103 partiri
506 1042 629 1105 provincias
640 1043 743 1091 consules

65 1106 134 1184 ⁴irrasi.
176 1105 273 1152 Horatio
282 1106 363 1159 sabini,
376 1105 467 1153 Valerio
475 1108 545 1169 AEqui
557 1106 679 1169 Volscique
689 1124 745 1155 eve-

71 1168 135 1216 nisse.
173 1168 232 1218 Cum
247 1170 275 1217 ad
290 1186 317 1217 ea
330 1171 387 1217 bella
401 1171 510 1218 dekctum
521 1172 648 1225 edixissent,
665 1172 746 1219 favore

69 1235 144 1297 plebis
154 1249 201 1281 non
207 1236 308 1297 juniores
319 1236 393 1289 modo,
412 1236 451 1281 sed
466 1236 563 1282 emeritis
577 1238 643 1283 edun
658 1238 744 1299 supera

71 1299 182 1361 diia‚par
182 1316 193 1345 s
140 1314 292 1377 parmagna
310 1300 492 1353 voluntariomm,
514 1300 542 1347 ad
561 1302 652 1348 nomina
670 1301 747 1349 danda·
807 1335 810 1341 ,

27 1391 31 1396 ·
70 1372 161 1427 prmsto
177 1361 252 1411 lbere:
271 1380 344 1425 eoque
362 1380 408 1410 non
426 1363 491 1427 copid
509 1364 583 1417 modo,
601 1365 640 1411 sed
658 1379 746 1441 genere

71 1428 141 1476 edam
158 1430 261 1482 militum,
278 1429 388 1476 vaesanis
404 1428 515 1482 admixtis,
532 1428 616 1475 firmior
631 1429 743 1476 exercitus

69 1491 123 1539 fuit.
160 1492 293 1553 Priusquam
307 1494 384 1539 urbem
396 1493 562 1554 egrederentur,
579 1493 642 1555 leges
653 1492 745 1539 decem-¹

71 1557 162 1609 suras,
180 1558 259 1618 qubus
272 1557 387 1604 “Tabulis
402 1556 546 1603 Duodecim”
562 1564 597 1603 est
612 1569 700 1609 nomen,
717 1556 743 1603 in

70 1636 106 1668 a
115 1622 204 1675 incisas,
216 1622 239 1667 in
250 1623 337 1683 publico
347 1628 517 1684 proposuerunt.
553 1622 617 1673 Sunt,
630 1621 668 1681 qui
675 1617 746 1683 J’ussu'

70 1686 213 1733 tribunorum
224 1687 299 1733 aediles
309 1686 399 1733 iunctos
409 1703 437 1733 eo
447 1686 569 1732 ministerio
581 1686 683 1732 scribant

103 1750 202 1797 LVIII.
221 1749 250 1799 C.
265 1750 378 1804 Claudius,
392 1752 448 1814 (qui,
463 1766 555 1813 perosus
566 1750 742 1796 decemvirorum

70 1816 164 1868 socha,
177 1823 202 1861 et
217 1823 268 1861 ante
283 1830 360 1862 omnes
373 1815 447 1861 fratris
460 1814 498 1861 filii
515 1816 623 1879 superbias
638 1814 739 1869 infestus,
796 1860 798 1863 .

69 1879 198 1942 Regillum,
210 1881 321 1941 antiquam
332 1881 356 1925 in
365 1881 465 1941 patriam,
479 1894 503 1925 se
511 1876 645 1939 contulerat)
651 1880 670 1925 is
677 1894 743 1941 mag·

69 1958 102 1991 ιιο
112 1947 162 2007 jam
180 1952 241 1999 natu,
257 1960 309 1990 cum
321 1944 349 1991 ad
365 1945 463 2005 pericma
478 1945 526 2005 ejus
541 1944 677 2005 deprecanda
692 1942 745 1990 red-

69 2010 134 2062 isset,
156 2011 220 2071 cujus
234 2008 395 2070 vitiatugerat,
412 2008 535 2054 sordidatus
551 2023 602 2053 cum
621 2009 743 2070 gentilibus

70 2074 234 2134 clientibusque
248 2074 272 2118 in
287 2073 338 2119 foro
350 2074 466 2134 prensabat
484 2072 598 2134 singidos3
615 2074 739 2134 orabatque,

71 2146 89 2168 ‘⁴
100 2138 140 2187 Ne
149 2136 251 2186 Claudiae
258 2138 322 2198 genti
329 2152 379 2183 eam
386 2138 483 2183 inustam
494 2137 602 2183 mucidam
614 2138 704 2192 vellent,
717 2145 743 2184 ut

70 2218 161 2250 muare
172 2210 197 2249 et
207 2202 302 2248 vinculis
316 2202 444 2248 uiderentur
456 2202 533 2263 digni:
552 2202 633 2255 virum,
645 2203 741 2249 bonora-

71 2268 167 2314 tissimae
176 2267 281 2329 imaginis
290 2266 390 2312 futurum
400 2266 428 2312 sd
436 2274 545 2329 posteros,
560 2266 636 2329 legum
648 2266 744 2313 latorem'

71 2332 258 2392 conditoremque
274 2330 372 2377 Romani
386 2331 451 2393 justis,
471 2333 546 2393 Jacere
565 2331 664 2377 vinctum
682 2333 743 2377 inter

70 2395 135 2444 fures
151 2403 275 2443 nocturnos
291 2410 317 2441 ac
325 2396 430 2442 latrones.
465 2396 600 2442 Averterent
614 2396 661 2442 ab'
655 2394 687 2441 ard
701 2410 743 2457 pa-

70 2474 164 2538 nnnper
177 2461 206 2507 ad
215 2460 370 2531 cogni'tionem
385 2460 587 2521 cogitationemque
601 2460 701 2517 animos3
718 2466 742 2505 et

69 2526 148 2590 potius
162 2540 233 2571 ιιιιιιιιι
247 2519 283 2571 uit
297 2523 396 2573 Claudiis
406 2524 572 2586 deprecantibus
583 2523 742 2577 condonarent,

71 2604 149 2651 qaam,
161 2590 330 2652 propterunius
341 2589 424 2642 odium,
437 2589 558 2635 multorum
569 2587 743 2649 precssadspea·

70 2662 190 2705 untur
223 2650 744 2716 Sequoqueiugsnertscnomtntdnsuss
