1809 2934
175 145 221 190 112
313 137 444 190 T.L1vr1
462 138 514 187 Lm
529 135 563 186 11.
584 137 643 188 Car.
657 141 696 185 st.

171 286 309 336 perveneras,
322 269 455 333 ingredienti
465 269 521 316 fines
532 269 564 316 irs
575 268 670 316 cecidit?
687 283 739 321 non,
754 283 807 314 cum
817 267 840 313 in

171 345 292 400 conspeetu
303 336 379 382 Mina
388 335 437 389 fuit,
454 334 568 388 succurrit,
584 334 643 380 intra
657 334 694 380 illa
706 333 791 379 moenia
801 334 840 380 do-

171 418 222 450 mus
236 417 262 449 ac
276 409 367 464 penates
381 401 424 447 mei
440 407 499 451 sunt,
517 406 594 452 mater,
611 399 700 460 conjux,
716 397 839 459 bberique?

173 465 246 529 Ergo,
258 483 302 528 ego
311 465 352 511 nisi
359 465 500 526 peperissem,
515 463 590 510 Rome
601 479 646 509 non
657 471 826 542 oppugnaretur
832 479 840 518 ς

171 532 213 578 nisi
231 531 301 578 fillum
320 531 429 582 haberem,
450 529 518 577 bbem
535 529 559 573 in
577 525 646 574 libeni
663 529 734 589 patria
752 534 841 573 mortua

171 611 250 643 essem.
282 595 326 642 Sed
337 610 380 656 ego
392 593 446 640 nihil
451 595 500 656 jam
510 594 563 654 pati,
576 607 617 639 nec
628 592 666 638 nbi
677 592 763 654 turpius
774 607 840 652 quarn

171 661 225 706 mihi
242 660 350 711 miserius,
367 674 473 720 possum:
495 673 543 711 nec,
561 665 586 704 ut
602 657 643 703 sim
655 657 785 709 miserrima,
803 657 840 702 diu

171 721 246 771 lutura
262 739 319 769 sum.
355 722 394 769 De
410 723 444 768 bis
460 723 557 780 videris;
579 737 643 782 quos,
664 721 781 783 sipergis,
803 728 841 767 aut

171 789 289 834 immatura
304 804 371 841 mors,
389 797 427 834 aut
443 787 512 850 longa
528 787 623 834 servitus
637 785 739 832 manet”
775 785 841 832 Uxor

172 853 250 900 deinde
268 867 294 899 sc
311 853 372 898 liberi
390 852 500 913 amplexi:
525 850 635 912 fletusque
653 852 681 897 ab
699 850 760 896 omni
777 847 841 896 turbd

170 917 287 964 mulierum
299 924 367 970 onus,
380 925 403 964 et
413 917 559 978 comploratio
570 916 603 961 sui
611 917 739 977 patriaeque,
752 912 841 978 fregdre
892 925 896 949 r

170 981 259 1028 tandem
276 983 361 1028 virum:
386 983 516 1043 complexus
530 981 583 1028 inde
599 996 651 1026 suos
667 980 772 1026 dimittit:
793 979 842 1043 ipse

171 1054 230 1093 retro
244 1047 271 1094 eb
288 1046 350 1093 Urbe
364 1055 436 1093 castra
446 1047 524 1093 movit.
559 1045 669 1092 Abductis
679 1045 759 1091 deinde
768 1045 840 1107 legio-

171 1111 235 1157 nibus
246 1125 275 1158 ex
286 1127 340 1173 mro
352 1111 464 1165 Romano,
475 1108 559 1157 invidiis
569 1111 600 1156 rei
611 1125 741 1171 oppressum
749 1124 841 1172 perusse

170 1176 274 1233 tradunt5
294 1176 329 1222 alii
346 1177 389 1222 alio
405 1176 458 1222 leto.
494 1172 562 1237 Apud
579 1174 680 1228 Fsbium,
697 1175 767 1236 longe
782 1177 840 1220 anti-

170 1240 301 1301 quissimum
323 1249 442 1293 auctorem,
466 1240 583 1301 usquead
602 1247 738 1288 senectutem
757 1239 841 1286 vixisse

170 1305 272 1352 eumdem
284 1307 380 1352 invenio.
416 1304 496 1352 Refert
510 1314 577 1359 certe,
593 1305 651 1351 banc
665 1320 725 1366 saepe
735 1319 789 1354 eum
799 1317 839 1350 ex·

170 1368 220 1416 acti
236 1377 302 1417 aetate
316 1369 433 1433 usurprisse
447 1386 535 1424 vocem,
554 1369 656 1416 “Multo
672 1369 775 1416 miserius
792 1368 839 1416 secti

170 1435 272 1482 exsilium
287 1435 362 1482 esse.”
397 1435 452 1482 Non
465 1435 591 1482 inviderunt
605 1435 682 1481 laudes
696 1449 748 1481 suas
760 1433 838 1480 mulie·

169 1500 229 1547 ribus
248 1501 289 1547 viri
309 1501 423 1548 Romami:
447 1500 502 1547 adeo
522 1500 570 1547 sine
585 1500 745 1546 obtrectatione
759 1498 838 1561 glorias

169 1565 247 1613 olienae
266 1567 387 1614 vivebatur.
423 1565 568 1613 Monimento
586 1579 674 1626 quoque
692 1563 753 1624 quod
772 1570 836 1617 esset,

168 1631 277 1692 templum
289 1630 397 1678 Fortunae
408 1630 514 1677 Muliebri
525 1628 657 1675 aedificatum
670 1629 840 1690 dedicatumque

168 1703 210 1741 est.
250 1693 347 1742 Rediire
368 1695 447 1742 deinde
465 1694 551 1747 Volsci,
574 1694 683 1756 adjunctis
702 1693 793 1754 AEquis,
815 1694 837 1738 in

168 1774 247 1822 ugrum
265 1759 406 1806 Romanum:
429 1759 469 1806 sed
482 1760 553 1820 AEqui
567 1759 657 1805 Attium
672 1757 765 1804 Tullum
780 1757 838 1805 haud

168 1823 227 1869 ultra
247 1821 318 1869 tuldre
339 1823 425 1870 ducem.
468 1823 531 1871 Hinc
553 1839 583 1870 ex
606 1823 733 1876 certamine,
759 1822 838 1870 Volsci

167 1885 278 1947 AEqui-ne
288 1888 443 1949 imperatorem
455 1890 574 1951 conJ'uncto
581 1889 686 1936 exercitui
694 1888 780 1942 darent,
789 1887 838 1935 sed

167 1949 214 2004 itio,
231 1951 309 1998 deinde
323 1961 388 1999 atrox
403 1953 506 2014 proelium
521 1961 602 2000 ortum.
638 1952 673 1999 lbi
688 1951 781 2000 fortuna
797 1969 837 2015 po-

166 2015 213 2078 puli
232 2015 330 2063 Romani
351 2018 408 2064 duos
426 2019 524 2064 hostium
545 2018 662 2072 exercitus,
685 2018 744 2064 baud
764 2019 838 2064 minus

165 2081 621 2196 tiliisiiibliltii‘ili?
634 2081 736 2194 titt
748 2081 837 2200 viii

166 2209 266 2270 Aquillio
278 2209 372 2258 Hernici
388 2213 451 2275 (nam
462 2213 477 2257 ii
488 2164 577 2272 quisque
587 2213 610 2259 in
620 2212 687 2259 arrnis
698 2210 774 2272 erent)
786 2228 838 2274 pro-

165 2275 238 2321 vincis
249 2276 329 2322 evenit.
364 2275 402 2322 Eo
416 2291 476 2323 anno
491 2275 587 2323 Hernici
601 2277 695 2324 devicti:
715 2292 768 2323 cum
779 2275 839 2324 Vol·

166 2339 209 2386 scis
256 2355 285 2386 uo
296 2349 367 2388 marte
377 2342 499 2388 discessum
510 2350 551 2388 est.

199 2403 267 2450 XL.
293 2405 330 2467 Sp
346 2405 438 2454 Cassius
453 2407 532 2453 deinde
548 2414 571 2453 et
590 2405 700 2453 Proculus
717 2405 839 2470 Virginius

60 2495 67 2502 ·
165 2468 268 2516 consules
286 2469 345 2516 facti.
382 2469 442 2518 Cum
463 2471 569 2517 Hernicis
584 2472 660 2517 fredus
676 2472 763 2518 ictum:
788 2487 839 2535 agn

164 2540 237 2595 partes
245 2533 295 2580 duae
303 2534 404 2582 ademtae.
428 2534 485 2582 Inde
492 2536 607 2582 dimidium
616 2534 709 2588 Latinis,
720 2536 839 2583 dimidium

164 2597 220 2660 plebi
235 2599 345 2646 divisurus
361 2601 439 2647 consul
455 2599 547 2648 Cassius
557 2608 611 2647 erat.
647 2600 773 2666 Adjiciebat
784 2602 838 2648 huic

162 2664 249 2710 muneri
264 2665 313 2727 agri
328 2666 471 2727 aliquantum,
490 2679 556 2726 quern
572 2663 683 2727 publicum
697 2666 809 2727 possideri
825 2681 839 2713 s

889 964 896 1209 l

883 2780 887 2893 l
