1809 2934
109 135 208 206 ¹nto
304 127 687 178 T.L1v11L1211.crr.os.·
779 193 786 198 ¹
886 114 887 133 ¹

161 257 361 323 opulentissimam)
382 261 438 308 acti:
458 275 523 321 quam
543 260 622 306 consul
636 254 768 321 oppugnare
787 255 835 303 non
886 284 887 295 2

161 341 235 378 ausus,
261 325 384 378 Cenonem,
408 325 468 372 aliud
489 325 601 387 oppidum,
625 322 765 385 nequaquam
788 331 836 368 tam

162 381 299 453 opulentum,
318 391 345 437 ab
361 390 490 437 Antiatibus
504 391 569 452 oepit.
604 389 669 436 Dum
687 388 760 448 AEqui
776 387 837 432 Vol-

163 457 238 516 scique
255 455 372 502 Romanos
391 457 502 501 exercitus
517 462 601 507 tenent,
620 453 696 500 Sabini
715 467 789 513 usque
808 451 837 497 ad
886 466 887 495 t

162 528 238 582 portas
250 519 319 566 Urbis
329 519 461 581 populantes
470 517 594 565 incessere:
613 518 693 564 deinde
702 517 746 578 ipsi
756 517 836 580 paneis
886 520 887 553 ἶ

163 593 214 648 post
225 585 301 631 diebus
316 587 343 631 ab
358 583 443 629 duobus
457 584 596 636 exercitibus,
614 591 709 643 utroque
724 597 767 643 per
780 583 835 627 iram
886 576 887 637 J

164 651 255 696 consule
265 650 367 709 ingresso
378 649 401 694 in
412 648 475 716 lines,
493 648 543 710 plus
554 648 656 702 cladium,
674 662 742 708 quam
753 647 835 692 intule-
886 692 887 733 p

163 720 420 823 rmlts'lffi'epeffrilttremo
431 791 491 823 anno
505 778 566 839 pacis
579 777 661 838 aliquid
670 775 727 833 suit3
745 776 835 829 sensui

164 857 251 902 semper
269 841 329 894 alias,
348 843 448 888 sollicitae
468 843 588 889 certamine
606 842 700 889 Patrum
717 848 741 886 et
758 841 834 903 plebis.

136 921 143 929 “
164 906 225 952 Irata
234 907 296 967 plebs
306 907 413 953 interesse
421 907 571 954 consularibus
582 906 772 953 comitiis'noluit.
791 905 835 952 Per
886 906 887 929 ¹

165 971 244 1017 Patres
259 971 393 1032 clientesque
405 970 498 1018 Patrum
514 973 617 1018 oonmrles
632 972 699 1018 creati
714 970 745 1017 T.
761 970 836 1025 Quin-

164 1037 215 1088 tius,
234 1034 396 1089 Queruntur
432 1037 533 1083 Similem
545 1052 629 1083 aunum
646 1037 714 1098 priori
730 1035 836 1082 consules

165 1101 253 1154 habent,
271 1101 376 1148 seditiosa
392 1101 462 1154 initia,
486 1102 544 1148 bello
563 1102 642 1149 deiude
659 1109 755 1148 externo
774 1108 834 1147 tran·

165 1165 238 1225 quilla.
275 1165 356 1218 Sabini,
376 1164 534 1214 Crustuminos
551 1181 642 1229 campos
659 1168 728 1212 citato
745 1166 835 1228 agmine

165 1232 305 1292 transgressi,
323 1246 374 1276 cum
389 1231 463 1277 caedes
477 1239 500 1278 et
514 1232 617 1278 incendia
626 1233 710 1278 circum
721 1230 834 1277 Anienem

165 1294 249 1342 flumen
260 1295 372 1350 fecissent,
390 1311 404 1342 a
417 1294 482 1358 porti
496 1311 565 1358 prope
576 1295 666 1345 Collina
679 1296 835 1357 moembusque

164 1360 229 1422 pulsi,
247 1362 351 1422 ingentes
365 1369 439 1408 tomen
454 1362 541 1424 praedas
554 1363 669 1408 hominum
683 1376 834 1424 peeommque

165 1423 245 1488 egere:
265 1441 321 1486 quos
340 1427 447 1473 Servilius
464 1427 542 1473 consul
558 1426 640 1473 infesto
656 1426 758 1472 exercitu
776 1427 834 1472 inse-
886 1446 887 1449 ¹

165 1498 237 1546 cutus,
254 1491 327 1554 ipsum
343 1492 431 1552 quidem
446 1507 528 1554 agmen
542 1492 632 1554 adipisci
643 1491 712 1552 saquis
722 1491 781 1537 locis
790 1505 836 1536 noo

164 1557 252 1618 potuit3
269 1557 434 1619 populationem
449 1557 504 1603 adeo
519 1555 589 1604 effinse
598 1557 658 1609 fecit,
676 1562 702 1602 ut
712 1556 769 1602 nibil
777 1555 836 1602 bello
886 1582 887 1587 =

163 1621 272 1668 intactum
288 1623 427 1682 relinqueret,
444 1621 605 1685 mult'prlicique
622 1619 774 1683 captapraedri
784 1620 834 1666 red-
886 1654 887 1669 2

164 1686 215 1732 iret.
250 1686 422 1733 EtinVolscis
440 1686 577 1748 respublica
591 1687 765 1749 egreglegesta,
783 1701 833 1731 cum
886 1722 887 1737 ,

166 1751 235 1803 ducis,
259 1757 307 1796 tum
326 1751 421 1796 militum
441 1749 515 1812 operi.
551 1750 652 1797 Primum
672 1765 737 1812 aequo
757 1765 835 1812 campo
886 1792 887 1797 ,

165 1815 236 1876 signis
244 1815 329 1860 collatis
339 1822 471 1876 pugnatum,
484 1816 571 1878 ingenti
582 1817 644 1863 caetle
653 1817 773 1876 utrimque,
785 1816 834 1877 plu-
886 1852 887 1861 ,

165 1879 222 1924 rimo
233 1879 354 1940 sauguine:
374 1887 397 1924 et
408 1879 514 1934 Romani,
526 1881 578 1942 quia
586 1882 686 1943 paucitas
694 1881 776 1928 damno
784 1895 834 1926 sen·

165 1942 240 1988 tiendo
259 1943 349 2003 propior
367 1951 421 1994 erat,
438 1945 533 2007 gradum
552 1946 679 1992 retulissent
685 1963 693 2003 ;
711 1946 735 1991 ni
754 1945 834 1992 salubri

165 2006 281 2053 mendacio
292 2008 376 2058 consul
393 2007 473 2070 fugere
485 2011 561 2056 hostes
578 2012 605 2057 ab
619 2026 690 2057 cornu
704 2011 775 2057 altero
790 2010 834 2057 cla-

165 2072 254 2123 mitans,
272 2070 406 2118 concitasset
426 2075 504 2120 aciem.
539 2072 630 2137 Impetu
649 2075 716 2129 facto,
738 2075 791 2121 dum
812 2091 836 2121 sa

165 2142 245 2198 putant
261 2136 357 2189 vincere,
375 2135 456 2185 vicere.
493 2136 587 2194 Consul,
605 2144 707 2187 metuens
723 2155 753 2186 ne
768 2140 833 2186 nimis

164 2199 268 2247 instando
283 2209 400 2249 renovaret
415 2211 534 2257 certamen,
552 2205 642 2266 signum
656 2206 754 2267 receptui
765 2205 832 2251 dedit.

166 2262 317 2312 Intercessere
324 2269 388 2328 pauci
399 2268 452 2321 dies,
470 2268 532 2314 velut
541 2269 613 2316 tacitis
620 2270 715 2316 induciis
725 2270 835 2330 utrimque

167 2329 240 2390 quiete
255 2329 342 2389 sumtl;
359 2348 399 2394 per
414 2349 471 2394 quos
483 2334 564 2395 ingena
574 2335 609 2380 vis
619 2334 736 2381 hominum
746 2349 776 2380 ex
786 2349 835 2380 om·

166 2396 230 2441 nibus
242 2394 332 2442 Volscis
343 2397 469 2458 AEqnisque
476 2399 564 2459 populis
573 2399 598 2444 in
608 2406 681 2445 castra
690 2398 759 2453 venit,
777 2398 835 2446 baud

166 2461 274 2514 dubitans,
289 2461 307 2507 si
318 2463 434 2514 senserint,
448 2461 565 2509 Romanos
576 2471 642 2510 nocte
653 2465 759 2510 abituros.
788 2461 835 2509 Its-

166 2541 210 2587 que
222 2523 286 2572 tertii
299 2525 346 2572 fere
358 2525 434 2588 vigint
445 2526 474 2572 ad
484 2534 557 2574 castra
570 2529 720 2590 oppugnanda
732 2530 833 2575 veniunt.

169 2590 283 2644 Quintius,
302 2591 378 2636 sedato
393 2591 497 2644 tumultu,
515 2607 581 2652 quem
596 2601 668 2639 terror
682 2593 768 2639 subitus
778 2594 837 2640 exei-

167 2664 236 2709 uerat,
254 2671 305 2701 cum
316 2671 405 2702 manere
415 2655 439 2700 in
450 2657 552 2703 tentoriis
566 2658 666 2718 quietum
683 2658 777 2704 militem
787 2660 837 2720 jus
