1809 2934
147 140 205 194 ³70¹
288 136 417 194 '12le
434 132 545 193 QVI.
565 133 678 195 cabod

147 274 230 322 beilum
241 277 365 340 jussenmt.
399 275 539 337 Apparatum
555 291 584 322 oo
598 281 657 322 anno
671 273 757 322 bellum
772 283 827 335 est;

147 342 259 398 exereitus
276 348 369 403 propter
385 340 533 403 pestilentiam
551 353 598 386 non
616 339 724 386 eductrrs:
750 355 827 401 esque

148 406 261 452 cunctatio
278 405 364 452 colonis
381 405 478 467 spatium
495 405 585 452 dederat
603 404 735 466 deprecandi
756 421 825 452 seras-

147 475 212 529 tum3
228 470 470 533 etmagnsbominum
480 483 578 532 perseo,
595 476 621 515 ut
630 469 715 531 legatio
726 471 825 532 supplex

147 528 247 582 Romam
265 534 398 589 mitteretur,
417 535 550 581 inclinabat:
576 533 600 579 ni
618 534 706 596 privato
726 535 766 597 (ut
784 533 824 595 fit)

147 599 246 660 periculo
261 601 373 662 publicum
387 600 520 662 implicitum
534 605 601 651 esset,
618 605 770 658 auctoresque
784 599 824 646 ds-

146 663 250 712 iectionis
264 666 292 711 ab
306 664 422 717 Romanis,
440 671 549 722 metune,
567 663 609 710 soli
619 663 706 709 crimini
718 664 821 726 subjecti,

146 728 233 790 piacula
248 729 289 776 irae
302 728 459 776 Romanorum
476 728 616 782 dederentur,
632 728 768 775 avertissent
783 743 823 775 co-

146 793 219 839 binias
232 810 246 840 a
260 793 357 840 consiliis
372 793 440 856 pscis.
476 792 559 854 Neque
569 793 592 838 in
605 799 683 839 senatu
694 792 771 839 solum
782 809 823 855 per

146 872 186 908 eoa
199 857 282 920 legatio
296 857 403 919 impedita
418 865 460 912 est,
479 858 519 904 sed
534 871 616 920 magna
631 872 682 920 pars
697 857 771 919 plebis
788 859 825 904 in·

146 922 220 976 citata,
245 928 270 966 ut
288 921 412 982 praedaturn
431 923 455 968 in
472 937 552 985 agrum
571 922 702 969 Romanum
722 923 819 969 exirent.

147 985 208 1032 Haec
215 1000 275 1032 nova
284 986 364 1048 injuria
374 988 599 1034 exturbaritomnem
608 1001 670 1048 spem
681 987 750 1048 psois.
782 987 823 1034 De

146 1048 337 1096 Praenestinorum
356 1065 446 1113 quoque
462 1051 587 1099 deiectione
602 1067 630 1098 eo
645 1064 706 1098 anno
721 1051 822 1113 prinum

144 1113 204 1160 furna
215 1122 307 1161 exorta:
327 1117 515 1178 arguentibusque
526 1131 565 1163 eos
575 1115 717 1168 Tusculanis,
735 1123 760 1162 et
771 1117 822 1164 Ga-

144 1178 208 1232 binis,
221 1187 245 1225 ct
255 1178 390 1243 Iarioanis„
400 1196 495 1242 quorum
508 1182 532 1227 in
544 1179 600 1227 lines
611 1181 749 1227 incursatum
763 1187 818 1233 erat,
889 1217 891 1232 .

145 1243 177 1289 ita
186 1244 272 1306 placide
281 1246 309 1292 ab
320 1254 399 1293 senatu
409 1261 541 1308 responsum
552 1253 593 1299 est,
606 1251 631 1292 ut
638 1246 715 1292 miuus
723 1245 783 1292 credi
791 1245 820 1292 de

144 1308 281 1363 criminibus,
293 1310 345 1372 quia
355 1311 441 1357 nollent
451 1327 478 1358 ea
488 1327 542 1358 vera
552 1325 607 1364 esse,
620 1317 743 1372 appareret.

178 1371 265 1420 xxlu
285 1374 416 1437 Insequenti
430 1391 490 1422 anno
508 1377 546 1437 Sp.
565 1382 587 1421 et
604 1373 633 1420 L
654 1373 746 1436 Papirii,
765 1371 820 1422 noii
890 1405 891 1426 2

144 1438 226 1485 tribuni
236 1440 332 1486 miliano
342 1433 453 1487 consular·
467 1447 585 1502 potestate,
603 1438 702 1486 Velitras
716 1439 820 1502 lqrones

143 1501 243 1561 duxere5
261 1513 356 1565 quatuor
370 1505 463 1567 collegis
475 1505 522 1552 Ser.
538 1503 644 1552 Cornelio
654 1503 819 1566 Maluginense

143 1574 254 1627 quartam,
268 1569 301 1622 Q.
313 1569 414 1623 Sentio,
428 1571 477 1616 Ser.
489 1569 593 1630 Sulpicio,
607 1567 636 1614 L.
647 1567 819 1631 AE'milloquar-

143 1638 200 1685 tum,
211 1633 305 1679 tribunis
313 1634 342 1680 ad
352 1634 480 1696 praesidiurn
491 1633 566 1686 Urbis,
576 1633 626 1680 etsi
637 1634 675 1694 qui
685 1647 716 1679 ex
724 1631 818 1681 Etrurii

142 1697 196 1743 novi
207 1705 282 1744 motus
293 1700 454 1752 nuntiarentur,
474 1698 560 1759 (omnia
574 1697 633 1744 enim
646 1697 698 1744 inde
714 1707 817 1760 suspects

141 1759 217 1822 erant)
236 1763 323 1810 relictis.
359 1763 398 1810 Ad
413 1763 512 1810 Velitras
528 1763 635 1809 adversus
649 1764 735 1825 majora
751 1777 817 1825 paene

142 1826 225 1872 ausdlis
237 1826 436 1883 Praenestinorum,
454 1843 520 1889 quarn
532 1827 603 1890 ipsam
616 1828 747 1874 colononun
756 1827 815 1876 rnul-

142 1890 268 1944 titudinem‚
287 1894 385 1940 seeundo
395 1893 475 1956 proelio
483 1900 608 1955 pugnatum
619 1899 668 1949 est3
684 1893 717 1939 ita
728 1900 754 1939 ut
763 1909 816 1956 pro-

141 1953 253 2016 pinquitas
272 1959 333 2004 urbis
351 1958 410 2005 boati
429 1966 452 2004 et
471 1971 537 2004 eausa
555 1957 682 2004 maturioris
699 1957 772 2020 iuge,
793 1965 815 2004 et

143 2031 213 2063 unum
222 2033 251 2064 ex
261 2019 316 2082 lugd
326 2023 489 2084 receptaculum
501 2029 567 2068 esset.
603 2021 685 2084 Oppidi
697 2037 814 2085 oppugna-

141 2082 204 2128 tione
214 2083 295 2130 tribuni
306 2085 445 2145 abstinuere3
464 2087 515 2148 quia
529 2095 552 2134 et
568 2101 649 2150 anceps
660 2095 715 2140 erat,
735 2101 777 2133 nee
789 2087 811 2132 in

195 2146 262 2193 ioiem
281 2149 376 2200 coloniae
395 2151 539 2216 pugnandum
559 2153 684 2198 censebant.
729 2151 811 2198 Litore

248 2212 276 2258 ad
284 2223 385 2262 senatum
396 2233 448 2263 cum
460 2217 560 2263 victoriae
571 2216 662 2268 nuntiis,
681 2215 778 2263 acriores
788 2217 811 2262 in

141 2272 314 2330 Praenestinum,
332 2295 398 2339 quam
416 2281 440 2326 in
456 2280 596 2328 Veliternum
612 2281 709 2333 bostern,
728 2281 809 2328 mium
886 2325 887 2332 ,

141 2337 222 2400 ltaque
240 2355 270 2386 ex
288 2344 495 2392 senatus-conudto
512 2345 631 2407 populique
645 2347 713 2408 jussu
729 2345 812 2392 bellum
886 2343 887 2362 ¹

140 2401 287 2451 Praenestinis
300 2406 422 2453 indictum:
442 2410 487 2469 qui,
506 2410 625 2472 conjuncti,
635 2409 733 2463 Volscis,
752 2425 812 2456 anno

139 2466 270 2529 insequente
285 2470 402 2524 Satricum,
420 2473 532 2520 coloniam
546 2474 621 2536 populi
632 2473 733 2520 Romani
743 2475 813 2536 perti·

138 2531 224 2578 molter
234 2547 247 2579 a
256 2535 342 2580 colonis
352 2534 474 2589 defenm,
491 2538 514 2582 vi
526 2536 690 2600 expugnirunt,
707 2538 814 2599 soedeque

137 2590 160 2636 in
178 2597 248 2656 captis
258 2596 378 2645 exerwire
386 2600 512 2646 victoriam.
547 2601 607 2648 Eum
619 2615 666 2648 rem
678 2617 741 2664 aegre
750 2603 811 2664 psssi

137 2651 243 2713 Romani,
261 2661 298 2709 u.
312 2661 405 2710 amun
417 2661 540 2714 emirum
558 2665 678 2728 quam
695 2667 812 2716 murum
