1809 2934
221 113 351 165 T.1,1v11
369 112 470 165 121211.
489 114 549 165 Cur.
560 120 600 164 5⁴.
700 125 746 172 127

78 243 143 292 Veiis
161 244 240 306 aptis,
258 245 289 292 its
302 247 375 307 pavidi
391 245 501 292 Veientes
517 246 545 293 ad
565 261 627 294 srms
647 260 747 297 sumunt.

80 308 135 356 Pars
150 309 239 356 Sabinis
254 317 307 356 eunt
316 309 433 367 ‘subsidi03
450 325 502 372 pars
512 311 636 364 Romsms,
647 319 697 358 toto
706 314 749 360 im-

79 374 239 436 pstuintentos
249 375 273 420 in
288 383 366 428 castra,
379 374 516 423 adoriuntur.
552 374 668 437 Paulisper
677 378 749 424 sveni

78 439 203 499 mistique
215 446 281 485 sunt:
301 439 379 486 deinde
395 448 418 486 et
431 439 474 500 ipsi
491 447 586 500 utroque
599 441 670 487 versis
680 440 750 504 signis

77 504 196 560 nisinun
213 512 237 550 et
244 518 318 564 eques,
330 505 358 551 nb
368 504 460 550 consule
469 504 589 556 immissus,
601 504 690 551 Tuscos
697 505 750 552 fran-

76 568 240 630 ditfirgntquer
259 567 379 630 eidemque
389 566 443 615 hori
453 569 499 614 duo
513 569 630 622 exercitus,
643 569 694 616 dure
708 586 749 632 po·

75 633 207 680 tentissimae
218 641 241 679 et
249 634 353 680 rnaximae
363 633 464 679 finitimae
474 641 554 696 gentes
566 642 675 695 superatae
686 644 746 682 sunt.

74 697 140 746 Dum
158 698 210 743 haec
229 698 257 744 ed
272 697 343 745 Veios
359 705 475 760 geruntur,
494 698 572 744 Volsci
591 698 706 760 AEquique
724 701 748 746 in

73 760 159 810 hano
170 777 227 824 agro
236 770 355 824 posuerant
363 770 441 815 castre,
458 763 600 825 populatique
609 762 665 817 finos
675 772 746 811 erant.

72 825 124 876 Eo·
139 841 181 889 per
193 842 219 873 se
230 827 271 889 ipsi
282 825 364 881 latini,
381 828 486 874 assumtis
501 827 613 881 Hernicis,
631 828 680 875 sine
696 829 747 876 lio·

72 906 142 952 mmo
152 898 193 938 aut
203 891 261 938 duce
268 899 307 938 sut
314 892 402 944 auxilio,
415 892 493 938 castris
503 900 618 938 exuerunt.
654 891 746 957 Ingenti

71 954 157 1020 padi,
170 963 252 1017 preter
263 971 314 1004 suss
324 963 463 1018 recuperatas
474 972 515 1009 res,
531 957 596 1017 potiti
606 966 671 1004 sunt:
691 961 745 1006 mis·

71 1037 112 1068 m
126 1029 205 1068 tamen
221 1021 249 1067 ab
265 1019 340 1068 Roma
355 1021 434 1068 consul
449 1021 473 1067 in
487 1020 584 1068 Volscos
595 1019 623 1069 C.
637 1022 743 1072 Nautius.

71 1085 136 1140 Hos,
149 1086 225 1138 orello,
241 1100 286 1132 non
296 1087 402 1148 placebat,
419 1086 467 1132 sine
477 1085 582 1132 Romano
593 1087 650 1134 duce
659 1090 745 1135 exerti·

71 1158 142 1212 ωφιε
155 1151 229 1197 socios
238 1151 333 1213 propriis
347 1151 429 1196 virtius
440 1151 581 1211 consiliisque
590 1152 647 1198 bella
656 1169 742 1215 gerere.

70 1215 169 1264 Nullum
180 1229 254 1278 genus
264 1215 393 1261 calamitatis
404 1214 591 1276 contlmeliaeque
602 1231 648 1263 non
658 1219 743 1266 editum

69 1279 207 1338 quolsoos
220 1287 268 1328 est:
287 1294 329 1326 nec
344 1287 419 1326 tamen
434 1281 525 1343 perpelli
540 1279 641 1341 potuere,
658 1290 684 1329 ut
696 1285 744 1330 soie

103 1407 173 1457 nv.
194 1409 223 1456 L.
241 1409 323 1457 Furius
344 1410 395 1458 inde
416 1419 439 1458 et
460 1408 488 1459 C·
510 1410 612 1456 Manlius
630 1412 739 1457 consules.

69 1473 162 1524 Manlio
172 1473 282 1522 Veientes
295 1476 409 1537 provincis
422 1474 509 1522 evenit:
528 1489 575 1519 non
587 1482 663 1520 tamen
673 1476 742 1521 bello·

70 1547 136 1586 tum:
156 1539 253 1586 inducie
266 1541 289 1584 in
302 1555 373 1586 annos
382 1539 530 1601 qusdrsgints
539 1539 665 1599 petentibus
675 1539 740 1593 date,

67 1603 185 1651 {umento
196 1604 348 1666 stipendioque
361 1605 477 1666 imperato
513 1600 568 1648 Psoi
578 1609 677 1648 externae
688 1618 743 1649 con·

67 1668 146 1716 satim
166 1670 308 1716 continuetur
328 1669 437 1715 discordia
458 1666 526 1714 domi·
561 1666 666 1728 Agrarioe
684 1667 742 1729 legis

68 1733 194 1781 trilruniciis
205 1733 299 1780 stimulis
309 1733 370 1796 plebs
377 1733 479 1780 furebat:
498 1732 609 1785 consides,
621 1733 675 1777 nibil
687 1731 741 1780 Me·

68 1798 130 1846 nerii
152 1798 300 1851 damnatione,
329 1799 384 1844 nihil
404 1797 502 1860 perlenlo
523 1797 622 1843 deterriti
644 1797 739 1852 Servilii,

67 1861 158 1912 mni
169 1863 192 1908 vi
203 1863 320 1909 resislirm':
338 1863 444 1910 abeume's
455 1862 587 1924 magistratu
599 1860 643 1911 Cn.
659 1863 738 1909 Genu-

67 1929 117 1976 cius
127 1928 230 1974 trrlrunus
244 1926 313 1989 plebis
329 1928 426 1990 erripuit
463 1925 492 1974 L
505 1926 614 1974 AEmilius
624 1935 647 1974 et
659 1927 740 1989 Opiter

66 1991 188 2056 Virginius
198 1993 336 2040 consulatum
347 1992 431 2040 ineunt.
467 1990 590 2054 Vopiscum
601 1991 687 2040 Julium
698 2009 740 2054 pro

66 2055 175 2120 Vuginio
191 2056 214 2102 in
230 2057 359 2118 qurlrusdsm
375 2057 490 2104 mnahlrus
504 2057 620 2103 consulem
638 2056 736 2104 invenio.

65 2120 123 2170 Hoc
133 2136 195 2168 suno
206 2122 369 2184 (quoscumque
376 2122 479 2168 consules
487 2119 573 2181 hebuit)
586 2122 617 2168 rei
628 2122 656 2169 od
666 2138 738 2184 popu·

65 2186 113 2234 lurn
124 2185 209 2234 Furius
219 2194 242 2232 et
253 2186 353 2233 Manlius
364 2185 502 2234 circumeunt
512 2186 624 2242 sordidsti,
634 2202 680 2234 non
689 2188 739 2250 ple-

65 2251 115 2298 bem
126 2251 208 2312 magis,
220 2265 286 2311 qusm
292 2251 393 2313 juniores
402 2250 509 2299 Petrumr
523 2252 623 2306 nudent,
635 2260 736 2306 monent,

68 2321 83 2347 ‘⁴
96 2315 230 2362 Honoribus
238 2321 261 2361 el
268 2315 457 2363 administratione
464 2316 589 2379 reiprrblicae
599 2318 736 2374 abtinmnt3

66 2380 195 2428 consideres
212 2395 267 2426 vero
282 2379 360 2433 fasces,
377 2388 516 2442 praetextam,
534 2381 678 2442 curulemque
694 2382 737 2428 sel·

65 2444 117 2498 lam,
130 2444 187 2492 nihil
193 2444 259 2498 aliud.
272 2459 339 2505 qusm
350 2461 453 2508 pompsm
463 2445 555 2499 summu,
566 2453 657 2506 putem:
671 2446 736 2492 claris

65 2508 191 2572 insigmlrus
204 2509 265 2556 velut
280 2509 355 2557 infulis
368 2511 453 2558 velatos
467 2511 496 2557 sd
510 2518 605 2556 mortem
622 2510 734 2556 desim

16 2621 17 2624 ,
67 2573 736 2636 erodamnmhtdsuuuduoedoasjamnmciuin

66 2639 166 2686 ssimum
177 2637 296 2694 inducent*
307 2639 446 2686 consulatum
462 2647 552 2700 captum
567 2645 590 2684 et
606 2651 738 2698 oppressum
