1809 2934
213 135 341 188 T.L1v11
358 138 411 186 Lrs.
422 137 457 186 11.
476 137 536 189 Cur.
545 123 586 188 dd.
684 145 732 192 iod

65 269 205 318 sxtrinsmu
222 269 358 316 imminentis
375 268 433 322 belli,
450 267 543 315 Volscte
557 269 664 331 legiones,
681 285 734 330 pro-

64 335 131 382 seete
149 335 178 380 sb
193 333 271 385 Antio,
289 333 428 386 invasissent,
449 334 572 394 cedensque
589 341 689 394 tempore
703 347 735 389 ex

64 399 146 462 oppido
164 399 289 459 erupissent
304 399 385 450 hostes,
404 397 464 444 sorte
481 399 504 444 in
523 399 619 444 statione
634 395 735 444 Marcius

63 463 112 510 luit.
149 461 182 515 Is,
196 477 247 509 cum
259 461 343 508 meets
353 462 447 508 militum
458 477 532 515 manu,
553 477 599 508 non
614 460 682 507 modo
691 461 735 506 im·

64 535 141 590 petum
152 527 317 588 erumpentium
328 527 415 578 retudit,
428 527 514 588 sedpcr
524 534 636 587 potentem
647 532 735 587 porum

63 591 231 654 ieroximspit:
251 590 497 653 caedcqueinproxims
507 587 733 651 urbismiguun,

63 663 149 704 tanes-e
159 663 280 716 arreptum,
292 655 457 700 imminentibus
467 671 533 701 muro
542 652 640 701 edifitiis
649 655 733 716 injecit.

63 720 158 770 Clamor
169 719 222 766 inde
229 718 394 780 oppidanorum,
412 719 496 766 mixtus
505 719 605 766 muliebri
615 719 736 781 puerilique
827 770 829 775 ,

62 787 159 848 ploratu,
170 784 314 830 sdtmrorem
323 783 361 842 (ut
368 781 436 841 solet)
443 785 514 844 primo
520 792 589 837 ortus,
597 783 736 830 stliomsnis

63 852 126 898 suxit
135 850 246 902 ssimum,
258 855 281 894 et
291 848 387 894 turbavit
395 847 498 901 Volscos,
510 856 588 909 utpote
601 846 665 910 copti
672 849 735 901 urbs

64 916 99 962 cui
110 903 263 962 sdferoddsrn
274 927 339 973 opem
349 919 463 958 venerant.
498 909 535 958 Its
543 911 587 958 fusi
595 910 674 959 Volsci
684 912 736 960 Ars·

65 980 136 1032 dota,
150 976 238 1026 Corioli
250 976 353 1038 oppidum
361 983 465 1038 captum:
484 975 737 1038 tantumquesudlsude

64 1045 151 1090 obstitit
165 1041 235 1088 fsmae
251 1041 347 1087 consulis
365 1040 473 1094 Marcius,
494 1049 525 1095 ut,
544 1043 586 1088 nisi
600 1041 675 1089 foedus
685 1056 738 1089 cum

65 1107 162 1160 Latinis,
175 1104 280 1153 columnd
290 1103 353 1152 oened
361 1105 503 1168 insculptum,
522 1107 662 1153 monimento
669 1113 739 1158 esset,

63 1173 90 1220 sb
100 1173 140 1234 Sp·
150 1170 233 1220 cosio
240 1185 293 1223 uuo,
305 1171 356 1230 quin
363 1169 449 1231 collega
456 1171 560 1224 obfuerat,
566 1171 643 1224 ictum,
653 1169 738 1218 Postu·

65 1253 127 1284 mum
149 1234 281 1284 Cominium
297 1235 379 1280 bellum
395 1236 492 1296 gessisse
506 1251 558 1282 cum
574 1235 671 1288 Volscis,
690 1250 738 1280 mo-

66 1299 137 1348 morid
156 1301 269 1346 cessisset.
304 1298 392 1345 Eodem
413 1315 472 1346 anno
491 1301 593 1362 Agrippa
614 1299 738 1346 Menenius

66 1367 169 1418 moritur,
180 1366 214 1411 vir
223 1365 284 1410 omni
295 1361 341 1410 viui
351 1365 432 1424 pariter
440 1364 544 1411 Patribus
554 1380 581 1411 sc
605 1364 648 1410 lebi
656 1378 737 1420 curus3

66 1437 116 1492 post
132 1430 284 1477 secessionem
303 1429 373 1474 carior
391 1429 447 1489 plebi
466 1428 545 1476 fuctus.
616 1428 652 1473 uic
670 1428 739 1474 inter·

65 1496 122 1558 proti
133 1495 262 1553 arbitroque
272 1493 397 1539 concordiae
408 1493 497 1554 civium,
517 1493 593 1552 legato
608 1490 701 1537 Pstrum
711 1490 740 1536 sd

66 1559 161 1622 plebem,
179 1559 290 1604 reductori
300 1556 368 1617 plebis
383 1555 495 1603 Romame
507 1556 531 1601 iu
547 1555 640 1608 Urbem,
653 1562 739 1600 sumtus

66 1623 139 1670 timeri
157 1622 243 1669 defuit:
263 1620 342 1667 extulit
352 1636 404 1666 eum
414 1620 483 1680 plebs,
501 1620 638 1665 munuum
654 1617 740 1664 cothus

67 1703 91 1734 m
99 1697 228 1799 {ladffiV-
243 1747 353 1797 Consules
361 1749 440 1795 deinde
447 1747 477 1793 Τ.
489 1748 613 1810 Geganius,
622 1746 649 1794 P.
661 1746 740 1794 Minu-

68 1818 123 1870 cius,
141 1815 204 1862 facti.
241 1813 278 1860 Eo
288 1827 354 1864 anno,
372 1829 424 1859 cum
440 1821 464 1858 ct
481 1811 536 1858 foris
552 1812 626 1872 quieta
642 1811 742 1858 omuistt

68 1882 126 1928 bello
135 1887 219 1932 essent,
232 1886 255 1925 st
266 1878 325 1924 domi
334 1885 410 1924 sunsts
420 1877 535 1930 discordis,
545 1876 605 1923 aiud
611 1876 741 1938 multogrs·

68 1946 119 1992 rius
138 1943 224 1991 mulum
243 1943 354 1988 civitatem
373 1943 468 1988 invasit:
486 1942 565 1988 csritm
585 1942 682 2003 primum
700 1954 741 1987 su-

68 2025 145 2062 nouae,
158 2022 189 2054 ex
198 2007 288 2054 incultis
296 2021 336 2066 per
346 2008 493 2052 scoessionem
500 2006 569 2067 plebis
579 2006 654 2067 sgris3
669 2004 740 2052 istncs

69 2075 158 2126 deinde,
177 2072 247 2133 qualis
259 2071 338 2116 clausis
349 2071 405 2116 solet
415 2091 420 2116 ι
439 2079 575 2130 ventumque
590 2071 618 2116 sd
628 2070 742 2116 interitum

68 2139 214 2186 servitiorum
233 2136 309 2196 utique
324 2143 347 2182 et
357 2135 426 2196 plebis
442 2143 508 2188 essct,
520 2136 544 2180 ni
554 2135 656 2180 consules
666 2133 742 2195 prori-

69 2205 163 2256 disssnt,
182 2199 279 2246 dimissis
294 2200 375 2260 possim
394 2199 422 2245 sd
435 2199 571 2246 frumentum
587 2198 741 2251 coimendum,

69 2283 117 2315 non
136 2268 162 2313 in
184 2265 299 2312 Etruriam
319 2264 385 2310 modo
403 2265 488 2310 dextris
508 2265 535 2310 ab
555 2261 621 2309 ostiu
634 2263 742 2315 litonlrus,

69 2333 176 2392 imoque
184 2345 224 2392 per
235 2327 332 2374 Volscos
343 2329 398 2375 muri
413 2328 520 2390 usquead
528 2326 619 2380 cumas,
632 2327 671 2373 ssd
681 2341 743 2387 quae-

70 2397 141 2444 situm
161 2396 185 2440 iu
206 2392 302 2441 siclum
328 2409 430 2454 quoque:
456 2394 511 2440 sdeo
530 2392 674 2438 finitimorum
693 2391 745 2436 odis

69 2459 203 2522 longinquis
219 2457 340 2518 codgcrsm
354 2457 454 2519 indigere
467 2457 561 2504 ursuliis·
596 2455 744 2502 Frumentum

72 2525 156 2575 Cumis
172 2537 225 2570 cum
244 2521 356 2569 coimtum
372 2530 437 2576 esset,
457 2537 532 2574 noves,
550 2537 592 2582 pro
606 2519 670 2566 bonis
685 2517 745 2563 Tur·
804 2527 807 2535 ’

71 2590 209 2652 quiniorum,
222 2587 250 2634 sb
259 2586 403 2634 Aristodemo
421 2595 524 2647 tyranno,
543 2585 581 2644 qui
599 2585 671 2630 haerss
689 2587 743 2632 ertio

71 2661 170 2704 sumta
185 2658 252 2700 mut:
270 2651 295 2700 iu
305 2651 395 2700 Volscis
412 2650 577 2713 Pomptinoque
594 2662 624 2696 ne
637 2645 681 2692 omi
696 2644 747 2704 qui·
