1809 2934
205 151 235 200 Τ.
249 151 336 200 1.1v11
353 151 405 201 Lu.
420 151 455 201 11.
475 153 534 203 Cir.
547 158 587 205 56.
621 223 625 245 Ι
691 163 739 208 129

69 281 137 330 tenda
144 280 246 330 isoere”
272 282 318 330 His
328 283 419 331 vocibus
430 281 466 331 'elii
477 286 592 332 alios'cum
600 284 737 342 incitissent,

69 348 96 394 acl
113 347 253 395 Voleronem
271 347 397 402 Publilium,
415 349 444 396 de
460 350 524 412 plebe
539 351 660 403 bominem,
677 352 736 411 quia,

69 413 129 474 quod
138 413 230 460 ordines
238 411 344 467 duxisset,
355 422 447 476 negaret
458 431 483 462 se
492 415 585 461 militem
595 413 643 461 lieri
651 416 738 469 debere,

68 477 134 524 lictor
150 478 234 524 missus
249 486 284 524 est
298 493 311 523 a
325 479 458 526 consulibus.
494 480 580 526 Volero
594 480 689 541 appellnt
699 480 739 526 tri-

68 542 147 588 bunos.
184 541 245 590 Cum
264 543 346 589 auxilio
366 558 432 590 neno
446 552 513 597 esset,
531 545 635 591 consules
651 545 740 605 spoliari

69 607 190 661 bominem,
209 614 232 654 et
249 607 324 670 virgas
340 609 437 670 expediri
451 610 539 671 jubent.
576 617 592 638 “
608 608 737 662 Provooo,¹’

67 670 146 732 inquit,
167 679 183 701 “
196 672 225 717 ad
241 671 373 734 populum,’‘
391 672 483 727 Volero,
503 681 518 703 ‘⁶
533 674 638 734 quoniam
655 674 738 720 tribuni

67 737 140 784 civem
150 735 281 782 Romanum
289 737 312 782 in
321 728 441 799 conspectu
450 755 491 786 suo
499 739 568 801 virgis
577 739 632 786 caedi
643 740 737 792 malunt,

67 817 134 862 quam
146 801 189 863 ipsi
200 802 223 846 in
234 802 293 848 lecto
304 817 345 848 suo
356 818 369 848 a
379 803 441 849 vobis
452 802 582 850 trucidari.”
616 803 671 857 Quo
678 803 738 850 fero·

67 867 114 912 cius
125 867 260 918 clamitabat,
270 881 297 912 eo
307 866 409 914 infestius
417 867 601 915 circumscindere
611 876 634 915 et
644 870 739 931 spoliare

67 931 138 978 lictor.
175 929 237 977 Tum
249 930 340 984 Volero,
358 940 381 978 et
391 934 516 994 praevalens
525 933 579 996 ipse,
596 941 620 980 et
631 934 738 996 adjuvan·

66 995 124 1042 tibus
136 995 258 1048 advocatis,
276 997 364 1058 repulso
374 997 459 1051 lictore,
477 998 513 1044 ubi
523 998 685 1060 indignantium
697 1014 739 1060 pro

66 1075 90 1107 se
107 1061 230 1108 acerrimus
244 1068 291 1107 erat
305 1061 395 1116 clamor,
413 1077 440 1108 eo
451 1079 476 1109 se
486 1063 509 1108 in
520 1064 606 1109 turbam
621 1063 738 1110 confertis-

66 1125 146 1172 simam
159 1125 242 1188 recipit,
261 1126 384 1180 clamitans
404 1133 419 1156 ‘⁴
429 1126 539 1181 Provoco,
557 1136 580 1174 et
590 1128 656 1175 fidem
666 1128 737 1191 plebis

65 1191 170 1253 imploro.
206 1189 301 1244 Adeste,
310 1190 383 1238 cives!
402 1191 668 1248 adestecommilitones!
681 1192 738 1238 nihil

64 1263 104 1309 est,
130 1255 193 1316 quod
214 1257 347 1318 exspectetis
368 1257 476 1310 tribunos,
493 1259 571 1319 quibus
589 1258 643 1319 ipsis
661 1265 737 1304 vestro

64 1320 149 1366 anxilio
157 1335 214 1383 opus
222 1319 283 1367 est.”
318 1319 430 1370 Conciteti
441 1323 550 1375 homines,
561 1323 630 1369 veluti
641 1322 669 1369 sd
676 1337 740 1384 proes

63 1385 127 1438 lium,
147 1401 172 1431 se
191 1387 323 1446 expediunt:
348 1388 515 1449 apparebatque,
533 1401 601 1432 omne
618 1387 736 1447 discrimen

64 1451 158 1508 &lesse3
176 1449 231 1496 nihil
241 1451 344 1511 cuiquem
356 1459 464 1505 sanctum,
477 1467 522 1498 non
533 1452 613 1513 publici
621 1451 677 1504 fore,
690 1465 736 1498 non

64 1515 218 1577 privetijuris.
254 1515 317 1562 Huic
327 1524 397 1562 tantae
405 1515 738 1578 tempestsbunnseeonsules

64 1579 206 1632 obtrslissent,
222 1579 288 1626 facile
297 1580 382 1643 experti
394 1589 453 1634 sunt,
466 1596 544 1642 parum
555 1587 626 1625 tutam
635 1578 739 1641 mejesta-

64 1652 111 1692 tem
128 1646 178 1692 sine
197 1644 280 1691 viribus
296 1661 352 1692 esse.
388 1643 485 1691 Violatis
503 1645 624 1696 lictoribus,
640 1643 738 1690 fascibus

63 1709 149 1763 fractis,
167 1708 241 1756 eforo
251 1711 274 1756 in
285 1711 368 1756 curiam
383 1710 547 1771 compelluntur
552 1726 561 1767 ;
577 1708 663 1762 incerti,
681 1706 738 1768 qub-

64 1783 132 1822 tenus
152 1773 239 1820 Volero
260 1781 374 1822 exerceret
395 1775 518 1822 victoriam·
563 1772 736 1822 conticescente

65 1840 147 1886 dende
163 1840 270 1892 tumultu‚'
287 1855 338 1886 cum
355 1839 378 1885 in
398 1848 500 1887 senstum
520 1840 595 1886 vocari
607 1840 735 1901 iussissent,

64 1912 191 1965 queruntur
203 1904 293 1966 injurias
304 1919 362 1956 suas,
380 1903 426 1950 vim
441 1906 517 1967 plebis,
535 1903 656 1951 Voleronis
669 1904 736 1950 auda-

64 1969 129 2016 ciam·
167 1967 250 2016 Multis
266 1968 371 2015 ferociter
386 1969 450 2016 dictis
469 1971 591 2022 sententiis,
609 1967 684 2016 vicere
700 1983 737 2015 se·

64 2035 147 2086 riores,
157 2033 243 2095 quibus,
251 2031 284 2079 iri
293 2032 386 2080 Petrum
395 2033 503 2082 adversus
510 2035 658 2082 temeritatem
666 2033 736 2096 plebis

64 2099 152 2150 certari,
166 2113 212 2145 non
222 2099 312 2160 placuit.

95 2161 166 2210 LVI.
187 2162 324 2209 Voleronem
342 2163 443 2224 amplexu
459 2161 537 2208 favore
552 2164 614 2225 plebs
627 2162 737 2225 proximis

63 2228 161 2274 comitiis
172 2227 286 2274 tribunum
297 2227 367 2290 plebei
379 2235 438 2274 creet
448 2227 473 2272 in
483 2241 534 2273 eum
546 2243 637 2281 annum,
653 2228 692 2288 qui
704 2226 733 2273 L.

64 2292 189 2346 Pinarium,
215 2291 242 2338 P.
263 2291 356 2338 Furium
375 2291 478 2338 consules
497 2292 587 2340 babuit:
613 2300 736 2352 contraque

63 2359 165 2404 omnium
184 2357 318 2419 opinionem,
337 2357 375 2417 qui
392 2372 443 2403 eum
461 2357 568 2403 vexandis
584 2358 664 2418 prioris
683 2356 736 2402 anni
797 2413 803 2422 ·

63 2423 193 2470 consulibus
210 2422 369 2484 permissurum
388 2421 524 2467 tribunatum
543 2422 668 2474 credebant,
685 2428 737 2482 post

62 2488 175 2550 publicam
200 2501 289 2533 oaussm
311 2487 398 2548 privato
419 2485 496 2531 dolore
514 2486 595 2539 habito,
619 2501 649 2532 ne
668 2485 737 2530 verbo

64 2553 156 2613 quidem
170 2551 260 2598 violatis
276 2536 409 2603 co‘nsulibus,
427 2550 566 2611 rogationem
584 2551 635 2596 tulit
651 2548 679 2595 sd
694 2562 736 2608 po-

64 2617 150 2728 w
168 2623 195 2662 ut
202 2615 279 2678 plebeii
290 2616 434 2678 magistrumn
444 2614 532 2660 tributis
543 2615 638 2660 comitiis
647 2611 734 2657 fierent

147 2682 314 2745 pemressub
324 2679 390 2727 titulo
400 2674 737 2742 primispecieminimestroci
