1809 2934
182 135 229 181 llo
322 131 351 178 T.
366 129 453 178 LIVIl
470 129 524 177 Lu.
538 129 572 176 11.
592 129 652 178 Car.
664 133 705 178 39.

179 261 275 312 deind&
294 262 349 308 illud
359 275 404 307 non
416 260 531 314 succurrit,
545 261 624 306 vivere
637 274 687 315 nos,
703 259 765 320 quod
777 268 851 307 matu-
890 280 891 285 ¹

180 328 274 376 ririmus
284 325 410 390 proficisci?
427 327 445 372 si
456 327 500 371 boo
510 323 626 386 protectio,
641 333 666 371 et
679 340 726 370 non
739 324 796 387 luga
805 335 848 372 est.

180 395 213 442 Et
223 396 280 440 hane
290 394 365 438 urbem
376 405 417 438 vos
428 404 474 436 non
485 391 582 436 bostium
593 391 680 443 ducitis,
692 389 737 442 ubi,
749 391 769 436 si
779 406 850 437 unum
890 420 891 427 ι

179 460 238 506 diem
244 457 324 504 morati
333 457 417 510 essetis,
427 456 568 501 moriendum
577 455 679 500 omnbus
686 453 744 500 fuit?
760 454 850 501 Bellum

178 525 243 571 vobis
253 522 360 568 indictum
371 529 420 576 est;
435 535 519 582 magno
530 535 607 566 eorum
615 521 682 572 malo,
694 519 734 578 qui
741 518 849 573 indinire,
890 562 891 567 ,

179 589 199 635 si
217 589 259 634 viri
278 585 358 633 estis.”
392 583 430 632 lta
448 593 472 632 et
490 582 531 631 sui
547 591 626 646 sponte
641 585 724 630 irarum
739 584 807 645 pleni,
826 593 851 630 et
890 590 891 593 ’

179 653 271 705 incitati,
295 651 373 697 domos
394 649 446 696 inde
467 651 562 712 digressi
583 656 651 705 sunt;
678 649 852 710 instigandoque

180 730 233 764 suos
252 717 346 776 quisque
364 715 466 776 populor,
488 700 589 767 effebere,
609 722 635 760 ut
653 729 721 759 omne
740 713 851 761 Volstrun
890 752 891 773 ι

181 793 263 828 nomen
274 777 385 826 deiiceret.
890 808 891 815 ι

212 843 337 891 XXXIX.
361 843 510 906 Imperatores
525 844 554 890 ad
568 844 592 890 id
606 843 690 889 bellum
705 843 734 889 de
749 845 851 890 omnium
890 832 891 889 l

179 911 312 974 populorum
328 907 438 956 sententia
450 908 503 955 lecti
518 909 595 954 Attius
610 908 691 954 Tullus
704 916 728 954 et
745 907 774 957 G
788 909 854 955 Mar-
890 926 891 969 ι

180 976 227 1021 cius
243 975 308 1020 exsul
322 974 447 1027 Romanus,
464 974 488 1018 in
501 989 547 1033 quo
561 974 674 1033 eliquanto
686 973 738 1034 plus
749 975 802 1035 spei
817 989 853 1020 re·

180 1039 285 1101 positum.
322 1038 398 1091 Quam
412 1053 474 1100 spem
484 1037 627 1098 nequiquam
640 1037 730 1084 fefellit:
751 1047 779 1084 ut
788 1039 853 1085 fenile

180 1109 301 1166 appareret,
322 1103 413 1148 ducibus
432 1102 569 1156 validiorem,
589 1118 656 1163 quam
675 1104 784 1156 exercitu,
804 1118 853 1149 rem

181 1167 308 1214 Romanam
319 1183 375 1214 esse.
408 1165 509 1215 Circeios
519 1167 639 1228 profectus,
651 1167 748 1229 primum
759 1168 854 1214 colonos

180 1233 233 1280 inde
243 1231 360 1279 Romanos
371 1233 463 1293 expulit,
474 1232 610 1292 liberamque
617 1247 666 1278 eam
674 1234 753 1278 urbem
762 1232 855 1280 Volscis
890 1264 891 1293 ι

180 1297 276 1345 tradidit.
313 1296 376 1351 Inde,
392 1299 415 1343 in
427 1295 533 1344 Latinam
543 1298 603 1343 vion
610 1297 747 1344 mmeritis
757 1299 854 1344 numiti-

180 1363 222 1409 bus
240 1370 399 1424 transgressus,
424 1362 543 1416 Satricum,
565 1360 700 1424 Longulam,
721 1361 852 1417 Poluscam,

183 1425 294 1480 Coriolos,
322 1428 422 1491 (novellu
442 1428 492 1472 haec
513 1426 624 1474 Romulus
645 1425 735 1488 oppida)
760 1428 852 1474 adunit.

181 1491 240 1539 Inde
256 1491 377 1539 Lavinium
395 1491 492 1554 recepit:
514 1500 569 1537 tunc
585 1492 689 1553 deinceps
706 1490 853 1546 Corbionnn,

182 1555 303 1610 Vitelliam,
316 1555 427 1611 Trebiam,
440 1557 544 1609 Latinos,
559 1555 646 1602 Pedunn
657 1556 722 1618 oepit.
759 1556 854 1604 Postre-

181 1637 244 1669 mum
255 1622 283 1669 ad
295 1620 381 1668 Urbem
392 1638 405 1669 a
416 1621 479 1668 Pedo
489 1622 564 1678 ducit;
575 1628 612 1675 et,
627 1621 656 1668 ad
665 1620 738 1668 fossa
749 1620 853 1675 Cluilius.

181 1687 280 1747 quinque
289 1687 316 1732 ub
328 1687 392 1734 Urbe
405 1687 475 1733 millia
486 1701 600 1747 passuum,
616 1687 695 1732 eastris
708 1683 797 1747 positis,
813 1701 855 1749 po-

179 1751 268 1812 pulatur
281 1751 332 1796 iude
345 1765 424 1812 ugrum
439 1751 583 1808 Romanum
600 1751 728 1797 custodibus
741 1751 803 1799 inter
813 1767 855 1814 po-

179 1815 291 1878 pulatores
306 1815 386 1867 missis,
403 1815 441 1876 qui
455 1816 598 1877 patriciorum
611 1831 679 1878 agros
693 1816 793 1864 intactos
806 1832 854 1863 ser-

180 1885 273 1934 varent3
294 1875 341 1925 sive
355 1878 456 1925 infensus
469 1880 528 1941 plebi
541 1882 619 1944 magis,
638 1882 686 1928 sive
700 1887 726 1926 ut
742 1880 856 1928 discordia

179 1941 232 1989 inde
241 1943 300 1988 inter
311 1941 390 1991 Patres
400 1945 531 2006 plebemque
541 1947 642 1992 oriretur.
678 1945 739 2000 Quae
748 1945 854 2008 profecto

179 2014 228 2054 orta
243 2013 308 2060 esset,
327 2008 382 2054 adeo
399 2010 481 2056 tribuni
492 2011 542 2072 jam
555 2010 653 2058 forcona
667 2025 707 2072 par
722 2026 750 2058 se
763 2011 855 2073 plebem

179 2071 317 2118 criminando
331 2073 354 2120 in
366 2074 475 2136 primores
485 2075 582 2122 ciuitatis
591 2077 741 2138 instignbauts
760 2077 803 2122 sed
812 2090 856 2124 ox·

178 2143 255 2182 temus
264 2137 337 2191 timor,
350 2140 472 2186 maximum
480 2141 606 2187 eoncordiae
613 2141 740 2193 vinorum·
747 2142 856 2200 quamvis

179 2209 295 2262 suspectos
305 2202 447 2265 infensosque
461 2206 519 2252 inter
532 2221 557 2252 se
569 2207 678 2268 ⁸iungebat
693 2205 789 2253 ammos.
826 2204 856 2252 ld

178 2266 245 2312 modo
254 2281 300 2312 ιιοιι
308 2271 453 2317 conveniebat
458 2287 466 2327 ;
477 2271 538 2331 quod
545 2279 636 2318 senatus
642 2271 793 2331 nomadesque
799 2285 856 2318 nus-

178 2342 245 2391 quam
254 2332 304 2378 abbi
312 2349 381 2395 spem,
392 2350 459 2395 quam
468 2336 491 2380 in
499 2338 573 2389 armis,
582 2337 706 2399 ponebant:
718 2335 855 2397 pleberom-

178 2396 221 2448 nla,
234 2410 300 2457 quam
311 2399 400 2452 bellum,
413 2400 515 2447 malebat.
544 2402 582 2463 Sp.
595 2401 693 2448 Nautius
699 2402 749 2464 Jum
759 2407 784 2448 et
796 2401 852 2448 Sex.

178 2455 260 2507 Furius
279 2463 382 2511 consules
401 2473 471 2510 erunt.
507 2465 563 2519 Eos,
582 2472 723 2513 recenseam
741 2465 854 2528 hgiones,

176 2525 278 2589 presidia
285 2541 409 2589 permuros
415 2529 508 2589 alisque,
518 2531 540 2575 in
549 2531 628 2590 quibus
636 2531 744 2578 stationes
751 2530 856 2592 vigilias·

176 2605 220 2651 que
227 2605 277 2639 esse
284 2593 404 2654 placuerat,
413 2593 464 2640 loca
471 2593 634 2648 distribuentes,
642 2595 856 2657 mrdtitudoingenr

175 2667 253 2727 potem
267 2659 408 2721 poscentium
422 2658 519 2722 primurn
533 2659 639 2707 seditioso
653 2660 752 2707 cbmore
760 2667 856 2708 sanun
