1809 2934
179 166 226 214 iss
262 141 268 148 ’
299 160 443 211 ¹*curun
460 158 512 209 nm
526 158 574 208 111.
595 158 652 211 cn.
669 162 706 209 15.

894 252 895 283 l

176 308 246 356 prope
264 292 369 355 perlutanr
388 306 437 338 esse
452 290 567 337 crederent
585 290 665 351 legem,
688 296 717 342 et,
734 288 796 349 quod
815 288 844 336 sd
894 284 895 311 ³

180 359 279 405 seniores
302 356 395 403 Petrum
415 356 541 417 pertineret,
567 354 685 401 cessissent
704 354 847 414 possessione

181 422 320 484 reipublicae;
333 421 439 484 juniores,
457 420 481 465 id
496 420 592 465 maxime
610 419 669 478 quod
687 417 791 466 Caesonis
808 433 847 463 so-
894 416 895 461 ζ

149 504 153 514 “
179 488 261 533 dulium
278 485 327 538 fuit,
345 483 427 531 sirxire
441 486 486 530 iras
502 484 526 529 in
544 483 636 544 plebem,
655 498 700 528 non
717 482 848 528 minuerunt
894 496 895 505 ¹

180 552 280 598 animos:
300 550 338 595 sed
348 550 377 595 ibi
384 548 503 609 ploximum
514 546 637 608 profectum
649 554 690 600 est,
707 546 767 607 quod
777 546 847 591 modo

180 616 275 676 quodam
284 610 435 674 tempersvdre
442 613 538 673 impetus
547 626 606 657 suos
642 609 701 659 cum
712 611 785 671 primo
795 618 850 671 post

181 678 285 728 Caesonis
299 678 401 723 exsilium
415 676 453 722 lex
464 683 537 737 coepta
546 675 599 721 ferri
610 682 650 729 est,
668 675 771 721 instructi
781 688 848 735 pors-

181 745 242 803 tique
252 757 302 789 cum
313 741 399 801 ingenti
410 741 522 787 clientium
537 741 636 785 exercitu
647 740 678 785 sic
689 740 796 792 tribunos,
808 739 849 785 ubi

180 808 276 868 primum
287 806 443 851 submoventes
453 801 567 865 prsebucire
580 818 676 857 causum,
694 804 765 849 adorti
785 808 847 856 sunt,

181 877 207 917 ut
220 885 287 916 nemo
302 884 360 915 unus
374 870 425 916 inde
440 870 576 931 praecipuum
588 868 705 928 quidquam
716 867 796 929 gloriae
806 867 849 913 do-

180 947 244 980 mum
257 934 375 981 invidiaeve
389 934 472 990 ferret;
489 933 549 979 mille
565 948 606 994 pro
623 948 668 978 uno
684 930 793 979 Caesones
806 944 850 977 ex·
894 936 895 965 l

181 998 270 1051 stitisse,
293 998 367 1060 plebes
383 1004 517 1059 quereretur.
560 997 644 1044 Mediis
662 997 744 1049 diebus,
768 995 851 1057 qm'bus

180 1063 263 1109 tribuni
273 1062 301 1108 de
310 1064 363 1123 lege
372 1078 417 1108 non
425 1068 524 1123 egerent,
536 1061 591 1108 nihil
598 1061 680 1107 eisdem
690 1060 734 1106 illis
741 1060 852 1121 plscidius

183 1134 221 1173 aut
231 1127 325 1187 quietius
336 1134 395 1172 erst:
414 1127 511 1187 benigne
522 1126 623 1177 salutare,
636 1125 715 1185 alloqui
726 1124 796 1186 plebis
806 1124 851 1170 bo-

183 1192 261 1243 mines,
285 1190 376 1236 domum
394 1191 503 1246 invitare3
527 1190 603 1237 edesse
621 1190 644 1235 in
661 1190 725 1245 foro;
747 1188 851 1236 tribunos

182 1257 243 1316 ipsos
254 1263 334 1301 caeters
343 1256 388 1315 poti
404 1255 451 1301 sine
464 1255 638 1315 interpellatione
649 1254 742 1300 concido
751 1253 848 1300 habere:

183 1334 296 1381 nunquam
307 1320 353 1373 ulli,
371 1334 442 1380 neque
459 1319 551 1381 publice,
569 1333 641 1379 neque
650 1319 760 1380 privatim,
774 1325 852 1364 truces
894 1312 895 1391 l

184 1397 240 1437 esse,
264 1385 307 1431 nisi
325 1400 376 1430 cum
394 1384 422 1430 de
439 1384 490 1445 lege
509 1384 545 1445 ogi
562 1391 660 1444 coeptum
679 1388 744 1429 esset.
788 1380 852 1441 Alibi

183 1450 295 1511 popularis
308 1451 415 1512 juventus
434 1456 494 1495 emt:
521 1462 561 1493 nec
581 1454 662 1494 caetera
680 1446 747 1493 modo
767 1446 851 1491 tn‘buni
894 1488 895 1505 ,

184 1514 302 1575 tranqtdllo
316 1510 436 1575 peregdre3
453 1512 492 1558 sed
508 1510 582 1573 refecti
598 1526 685 1572 quoque
694 1512 719 1557 in
729 1511 852 1571 insequen-
894 1552 895 1567 ,

183 1585 230 1625 tem
245 1594 334 1631 annum,
352 1594 381 1625 ne
391 1592 447 1624 voce
460 1576 547 1637 quidem
561 1574 708 1628 incommodi,
726 1574 809 1621 nedum
824 1582 852 1621 ut
894 1588 895 1651 p

184 1643 230 1689 ulls
241 1645 276 1689 vis
287 1642 357 1689 lieret.
393 1640 503 1687 Paulstim
522 1640 679 1701 permulcendo
690 1640 853 1700 cantandoque
894 1652 895 1665 ¹

184 1706 373 1753 mansuefecerant
386 1706 480 1767 plebem.
515 1703 562 1751 His
575 1718 615 1766 per
629 1712 701 1752 toturn
716 1718 801 1751 sunum
813 1718 852 1751 sr-

186 1771 244 1817 trbus
254 1771 291 1817 lex
301 1771 363 1817 eluso
374 1777 414 1815 est.
894 1760 895 1849 ἰ

217 1834 275 1880 XV.
294 1832 414 1893 Accipiunt
426 1834 537 1881 civitatem
552 1833 692 1895 placidiorem
703 1832 808 1879 consules
819 1830 850 1881 C·
894 1868 895 1891 ,

185 1895 299 1949 Claudius,
325 1897 393 1958 Appii
412 1896 478 1951 filius,
504 1905 527 1944 et
549 1896 576 1944 P.
598 1897 701 1944 Valerius
723 1896 850 1944 Publicola
894 1908 895 1927 ³

185 1960 249 2007 Nihil
259 1962 311 2007 novi
320 1976 391 2007 novus
399 1976 470 2008 onnus
478 1962 588 2009 attulerat.
623 1960 693 2023 legis
702 1958 803 2008 ferendae
813 1968 853 2009 out

184 2025 317 2086 accipiendae
327 2040 380 2072 curs
387 2026 499 2073 civitatem
507 2027 602 2073 tenebat
624 2024 741 2079 Quantum
748 2026 854 2087 juniores

185 2086 278 2134 Petrum
288 2088 345 2151 plebi
360 2104 385 2136 se
396 2091 468 2151 magis
480 2091 626 2144 insinuabant,
643 2106 670 2136 eo
685 2090 757 2137 scrius
773 2098 854 2137 contre

185 2154 266 2199 tribuni
276 2154 400 2207 tendebant,
418 2162 443 2200 ut
458 2154 515 2215 plebi
531 2162 644 2217 suspectos
658 2169 697 2199 eos
711 2154 854 2201 criminando

184 2216 295 2263 fecerent:
316 2216 523 2281 “conjurationem
533 2218 621 2272 Actum,
635 2216 755 2265 Caesonem
767 2218 853 2265 nome

184 2296 246 2327 esse:
265 2281 465 2329 interficiendorum
473 2284 618 2336 tribunorum,
635 2283 770 2329 trucidandae
782 2283 854 2344 plebis

185 2346 277 2392 consilia
284 2346 345 2393 inita.
364 2345 392 2393 ld
402 2348 486 2409 negotii
495 2348 569 2393 datum
578 2348 605 2393 sb
614 2346 734 2393 senioribus
746 2346 852 2401 Petrum,

185 2412 322 2472 utjuventus
329 2412 466 2458 tribuniciam
474 2419 606 2473 potestatem
615 2428 628 2457 e
636 2408 746 2472 republicis
753 2411 852 2463 tolleret,

185 2473 299 2536 formaque
317 2477 393 2523 eodem
411 2478 507 2523 civitatis
526 2484 591 2529 esset,
615 2490 665 2535 quoe
684 2484 736 2521 onte
755 2475 852 2522 Sscrtnn
894 2524 895 2527 ,

185 2547 284 2586 montem
294 2549 424 2602 occupatrnn
435 2538 533 2587 sraerat’'
553 2540 587 2587 Et
597 2541 625 2586 nb
635 2538 724 2585 Volscis
735 2546 758 2585 et
767 2538 853 2601 AEquis
894 2540 895 2549 ¹

186 2612 268 2651 statum
274 2606 322 2667 jam
332 2621 358 2652 sc
372 2621 441 2667 prope
450 2605 550 2651 sollenne
563 2606 587 2650 in
602 2604 702 2665 singulos
717 2618 791 2651 annos
805 2604 854 2650 bel-

183 2668 232 2716 lum
240 2670 369 2717 timebatis:
388 2670 521 2733 propiusque
529 2669 677 2718 auudmvun
688 2669 780 2723 molum,
799 2683 854 2715 nec-
