1809 2934
164 110 211 178 nr
306 108 336 155 τ.
351 105 437 155 mvn
455 105 556 154 nnn
577 105 709 159 cora,
748 85 751 89 ’

166 254 217 286 cunr
229 239 276 286 rive
286 237 398 300 publicum
408 236 450 283 fuit
457 236 573 299 Judiciunn
587 236 705 282 &mnan
716 236 765 282 Ser.
776 235 836 284 Cor-

166 304 231 357 nelio,
246 303 277 357 Q,
287 303 357 350 Fabio
367 303 500 349 consulibus.

125 379 148 402 ν
198 367 281 415 XLII.
301 367 371 414 Haud
386 367 490 413 diuturna
502 367 535 413 ira
546 366 621 428 populi
631 365 655 410 in
668 363 773 412 ensium
783 365 833 411 suit.
893 416 894 419 Ἰ

167 433 273 482 Dulcedo
292 435 385 494 agraria·
401 432 458 494 legis
474 432 521 492 ip'sa
536 430 576 492 per
592 447 623 483 se,
644 430 721 475 demto
736 437 836 482 auctore,

167 499 252 546 subibat
262 499 361 545 animos:
381 511 516 556 accensaque
528 511 556 542 ea
569 495 676 556 cupiditas
687 502 722 541 est
732 494 838 556 maligni-

166 571 213 610 tate
221 562 329 620 Patrum3
343 562 386 621 qui,
400 561 493 607 devictis
501 577 528 606 eo
536 575 595 606 anno
604 559 694 604 Volscis
702 559 837 619 AEquisque,

167 627 261 674 militem
271 625 347 688 praedi
356 623 493 671 fraudsvcire
522 623 636 685 Quidquid
644 631 734 685 captum
744 639 777 670 ex
785 625 840 670 bos·

166 693 226 739 tibus
241 698 282 744 eat,
299 689 398 736 vendidit
413 689 496 736 Fabius
510 690 595 742 consul,
613 704 640 734 ac
654 689 741 750 redegit
757 687 782 733 in
796 704 840 750 pu-

165 757 255 803 blicum.
291 753 394 801 Invisum
408 762 456 801 erat
471 754 565 800 Fabium
578 768 661 799 nornen
675 753 734 814 plebi
747 760 841 814 propter

167 820 313 866 novissimum
325 820 452 866 consulem:
469 816 561 866 tenudre
569 826 644 864 tarnim
653 817 740 870 Patres,
752 828 779 863 ut
787 833 840 864 cnm

168 883 198 931 L.
209 883 303 930 AEmiuo
315 882 383 932 Caeso
394 883 477 930 Fabius
488 885 566 930 consul
576 881 693 930 crearetur-
721 883 760 929 Eo
770 881 842 928 infes-

167 949 212 995 tior
225 947 285 995 lacta
294 948 368 1010 plebes
380 949 487 995 seditione
497 946 618 994 domestici
627 947 710 994 bellum
721 954 842 994 externum

167 1013 263 1060 excivit:
288 1014 346 1060 bello
364 1013 443 1059 deinde
459 1013 535 1059 civiles
554 1013 669 1059 discordia
687 1013 839 1059 intermissae:

168 1093 214 1124 uno
231 1079 306 1124 animo
323 1077 403 1124 Patres
418 1093 444 1123 ac
460 1078 535 1139 plebes
552 1078 682 1124 rebdlantes
697 1076 798 1123 Volscos
816 1085 842 1123 et

169 1141 265 1203 AEquos,
283 1143 339 1189 duce
349 1141 450 1194 AEmilio,
463 1141 569 1204 prosperi
578 1140 655 1204 pugni
664 1138 745 1188 vicere
782 1141 842 1188 Plus

168 1215 243 1254 tamen
255 1207 352 1253 hostium
362 1206 422 1268 fuga,
440 1223 506 1267 quarn
517 1207 628 1269 proelium,
645 1207 765 1253 abwmsitr
784 1206 842 1253 adeo

166 1272 308 1334 pertinaciter
328 1271 391 1318 fusos
412 1273 506 1319 insecuti
528 1280 580 1318 sunt
603 1272 696 1332 equites.
736 1269 843 1319 Castoris

168 1337 228 1383 aedes
247 1337 325 1383 eodem
344 1351 403 1382 anno
423 1335 499 1383 Idibus
519 1336 656 1390 Quintilibus
675 1335 776 1382 dedicata
793 1345 839 1382 est.
893 1332 894 1347 ³

167 1400 231 1448 Vota
249 1409 296 1449 erat
316 1401 398 1448 Latino
414 1402 479 1453 bello,
501 1401 619 1447 Postumio
634 1402 754 1447 dictatore:
779 1399 843 1447 filius

166 1467 222 1529 ejus,
238 1468 342 1514 duumvir
356 1466 417 1513 adid
428 1466 500 1528 ipsum
511 1472 605 1519 creatus,
619 1466 735 1512 dedicavit.
772 1466 843 1513 Solli-

167 1532 228 1578 citati
240 1540 262 1580 et
277 1548 304 1579 eo
320 1547 378 1578 anno
394 1540 446 1578 sunt
461 1531 577 1578 dulcedine
590 1532 685 1593 agrariae
699 1530 756 1591 legis
771 1531 842 1576 animi

167 1597 244 1658 plebis.
280 1597 374 1644 Tribuni
392 1597 462 1658 plebis
483 1597 611 1657 popularem
632 1602 766 1656 potestaten
788 1595 843 1658 lege

197 1662 267 1723 pulari
278 1662 422 1708 celebrabant.
459 1659 546 1712 Patres,
562 1661 616 1706 satis
626 1675 737 1721 superque
746 1661 843 1720 gratuiti

177 1727 248 1772 uroris
263 1726 286 1770 in
301 1725 442 1771 multitudine
458 1725 573 1771 medentes
587 1740 643 1778 csseq
660 1724 792 1786 largitiones
806 1732 843 1772 te-

167 1790 320 1848 meritatisque
335 1790 481 1835 invitamenta
495 1790 627 1836 horrebant:
648 1789 750 1836 acerrimi
766 1789 844 1835 Patri-

167 1855 215 1906 bus(
224 1853 291 1899 duces
305 1853 334 1898 ad
348 1853 495 1900 resistendum
505 1855 608 1900 consules
617 1851 687 1901 fuere
722 1853 760 1899 Ea
770 1854 844 1915 igitur

167 1932 219 1980 pars
234 1917 359 1978 reipublicae
373 1918 440 1964 vicit:
463 1933 505 1964 nec
519 1919 543 1964 in
555 1934 654 1980 praesens
669 1918 744 1971 modo,
762 1918 804 1965 aed
815 1920 841 1964 in

168 1982 295 2028 venientem
313 1981 379 2028 etiarn
397 1997 488 2036 annum,
509 1983 546 2029 M.
560 1983 654 2030 Fabium
673 1982 777 2032 caewnir
794 1982 843 2030 fra-

166 2053 232 2100 trmn
253 2053 276 2092 et
293 2046 365 2108 magis
384 2045 481 2098 invisum
500 2048 593 2094 alterum
611 2049 677 2109 plebi,
697 2048 843 2096 accusatione

168 2111 207 2173 Sp·
223 2109 302 2164 Cassii,
321 2109 350 2156 L·
361 2109 484 2165 Valerium,
501 2113 605 2159 consides
617 2113 684 2166 dedit·
720 2110 843 2160 Certatim

167 2191 195 2222 eo
206 2191 295 2236 quoque
304 2190 364 2221 anno
375 2191 425 2222 curn
437 2177 531 2223 tubunis
544 2185 591 2224 est:
610 2193 669 2224 vana
683 2177 727 2231 lex,
743 2177 844 2238 vanique

166 2240 223 2302 legis
240 2246 348 2294 auctores,
364 2241 472 2303 jactando
486 2242 573 2288 irritum
589 2257 678 2295 munus,
697 2242 757 2288 facti.
794 2240 843 2288 Fa-

166 2305 227 2352 bium
246 2305 298 2364 inde
316 2320 399 2352 nomen
417 2306 499 2368 ingens
517 2314 569 2368 post
587 2314 633 2354 trec
649 2306 767 2354 continuos
784 2321 843 2352 con-

167 2370 259 2422 sulatus,
277 2385 367 2430 unoque
383 2370 445 2417 velut
461 2379 540 2418 tenore
555 2387 634 2419 omnes
650 2378 754 2432 expertos
770 2371 843 2418 tribu-

166 2435 229 2481 niens
240 2435 403 2488 certaminibus,
415 2436 527 2482 habitum:
546 2436 627 2497 itaque,
641 2445 667 2483 ut
677 2437 733 2483 bene
743 2435 841 2488 tomara

166 2500 248 2546 mansit
257 2501 281 2547 in
296 2497 323 2546 eri
333 2499 417 2547 familiai
427 2501 560 2562 aliquamdiu
571 2502 649 2547 honos.
684 2499 776 2547 Bellum
787 2500 842 2547 inde

165 2563 251 2612 Veiens
266 2565 346 2612 initum
353 2583 361 2624 3
381 2573 404 2614 et
419 2565 498 2612 Volsci
514 2562 660 2612 rebdlinmt:
682 2565 722 2612 aad
737 2565 766 2611 ad
782 2565 842 2612 bella

163 2639 256 2678 externa
271 2646 341 2698 prope
359 2637 489 2694 napererant
506 2629 580 2677 vires:
604 2631 796 2692 abutebanturque
811 2629 842 2677 iis
