1809 2934
176 140 225 186 2⁰6
312 130 343 183 Τ.
357 134 446 184 LIVII
462 132 573 183 1111111.
593 132 651 185 Cae.
662 136 701 181 63.

176 267 228 314 talis
236 266 293 313 fuit:
312 266 415 313 consultu
430 266 530 327 collegae,
548 265 631 311 virtute
644 264 739 311 militum
748 263 848 311 vietoda

176 339 240 394 parta
254 339 297 377 est.
332 331 400 385 Quod
410 331 438 377 ad
448 346 486 375 me
499 330 584 382 attinet,
601 330 624 375 id
637 329 723 375 consilii
733 329 849 389 animique

177 398 291 443 habiturus
309 411 365 447 sum,
383 395 443 455 quod
459 410 501 441 vos
518 394 572 439 mihi
586 392 708 441 effeceritis.
744 392 780 439 Et
790 394 849 439 tnui

179 462 262 507 bellum
273 461 393 512 salubriter,
405 467 428 505 et
438 467 525 507 mature
534 458 610 520 perfici
620 464 707 519 potest:
727 459 745 504 si
757 459 849 504 trahen-

178 524 232 571 dum
242 533 284 577 ast,
296 540 346 604 eqo,
359 525 418 570 utin
429 523 476 569 dies
485 538 534 585 spes
544 523 659 583 virtusque
669 530 745 570 vestra
753 530 847 575 maest,

179 587 263 642 addent,
281 604 326 650 qua
335 589 427 640 institui,
440 586 555 649 disciplinis
565 588 665 633 efficiam.
702 588 727 635 si
733 589 784 649 jam
796 587 849 635 sitis

102 710 105 712 Α
179 654 247 699 animi
263 661 305 705 est,
327 653 460 713 decernique
475 653 554 714 placet,
572 652 699 713 agitedum!
718 652 847 705 clunmesn,

179 719 266 779 qualem
276 718 299 762 in
311 718 358 763 acie
369 717 475 763 sublaturi
486 718 545 771 estis,
557 717 629 763 toilite
642 718 686 769 ide,
698 716 798 763 indicem
808 732 848 763 vo-

179 783 272 828 luntatis
284 782 415 842 virtutisque
425 780 533 828 vestrae.''
567 780 690 841 Postquam
705 782 795 843 ingenti
805 781 849 827 ala-

180 847 258 891 en'tste
269 847 352 893 clamor
362 854 396 892 est
407 846 511 898 subintus,
533 844 625 899 “Quod
635 847 691 893 bene
702 852 786 899 vertat,
798 860 849 907 ges·

180 916 255 956 turum
267 912 342 956 seiliis
353 926 444 963 morem,
457 917 590 971 posteroque
598 910 633 956 die
647 910 670 955 in
683 911 754 957 aciem
769 910 850 957 dedun-

180 973 281 1027 turum‚’¹
300 976 401 1021 affirmat.
436 974 558 1034 Reliquum
576 974 618 1020 diei
635 975 767 1036 apparandis
785 975 850 1021 armis

180 1046 321 1085 consumtum
332 1047 372 1085 est.
409 1037 504 1084 Postero
512 1038 548 1085 die
558 1038 624 1085 simul
633 1039 713 1085 instrui
722 1039 850 1086 Romanam

180 1105 250 1149 aciem
263 1103 337 1149 Sabini
348 1099 430 1155 videre,
449 1110 473 1147 et
488 1103 537 1163 ipsi,
549 1104 597 1164 jam
612 1103 696 1164 pridem
708 1102 769 1149 avidi
780 1111 851 1150 certa·

182 1169 254 1220 minis,
267 1167 395 1229 procedunt.
431 1165 540 1213 Proelium
551 1166 600 1220 fuit,
612 1168 677 1227 quale
686 1170 746 1213 inter
756 1166 851 1215 fidentes

181 1234 268 1278 adimet
283 1233 347 1278 ambo
362 1232 478 1285 exercitus,
491 1232 572 1277 veteris
582 1238 740 1293 perpetuaque
756 1233 849 1279 aiterum

179 1298 268 1357 gloriae,
281 1297 374 1343 alterum
385 1310 456 1357 nuper
466 1293 524 1341 novi
534 1294 627 1342 victorii
637 1296 727 1343 elatum.
748 1296 850 1344 Consilio

180 1362 248 1407 etiam
266 1362 340 1407 Sabini
357 1362 415 1407 vires
434 1357 551 1421 adjuvdm:
574 1376 633 1413 nam,
653 1376 704 1407 cum
724 1360 849 1421 aequiasent
888 1374 889 1432 q

181 1426 258 1478 aciem,
278 1425 322 1471 duo
339 1433 402 1471 extra
418 1425 517 1470 ordinem
535 1425 609 1477 miliia,
629 1440 679 1485 quae
694 1426 719 1470 in
737 1426 849 1472 sinistnm

181 1505 253 1537 cornu
268 1490 421 1537 Romanorum
438 1490 461 1534 in
479 1489 527 1550 ipso
545 1489 666 1535 certamine
679 1490 848 1551 impressionem
885 1490 888 1497 '

181 1554 287 1608 fecerent,
306 1553 410 1601 tenuere:
428 1569 480 1614 quae
490 1554 533 1606 ubi,
548 1554 614 1600 iiiatis
625 1568 654 1599 ex
664 1561 796 1603 transverso
807 1555 849 1617 sig-

180 1622 225 1673 n‘is,
237 1621 387 1681 degravabant
396 1634 465 1681 prope
476 1618 650 1664 circumventum
666 1634 753 1676 cornu3
766 1621 850 1679 equites
887 1598 888 1668 i

183 1684 276 1730 duarum
293 1686 407 1745 legionum
426 1683 525 1729 sexcenti
540 1683 588 1729 iere
608 1698 638 1729 ex
656 1684 720 1743 equis
739 1684 848 1735 desidium,

182 1748 355 1807 cedentibusque
365 1750 413 1809 J'am
425 1748 471 1793 suis
481 1748 598 1809 provolant
613 1748 635 1792 in
645 1749 743 1809 primum
750 1765 758 1805 ;
776 1748 850 1794 simui-

183 1826 228 1870 que
235 1818 258 1857 et
265 1812 324 1857 hosti
335 1826 360 1855 se
367 1818 489 1871 opponunt,
499 1818 528 1866 et,
541 1819 629 1872 aequato
638 1813 736 1873 primum
745 1814 848 1875 periculo,
886 1846 887 1904 q

182 1875 266 1935 pudore
277 1875 356 1920 deinde
366 1875 451 1921 animos
462 1876 560 1937 peditum
572 1877 701 1923 accendunt
734 1876 849 1924 Verecun-

182 1938 226 1983 dise
236 1945 289 1991 erat,
302 1939 399 1999 equitem
408 1954 449 1985 suo
457 1940 572 2002 alienoque
580 1940 782 2004 Martepugnare;
794 1942 849 2003 padi·

183 2009 230 2049 tem
241 2018 270 2048 ne
281 2004 308 2049 ad
318 2004 385 2064 pedes
396 2004 484 2063 quidem
496 2002 601 2067 degresso
612 2006 679 2066 equiti
690 2020 769 2067 parem
781 2022 834 2053 esse
885 2008 886 2033 ³

216 2064 312 2113 LXIII.
331 2068 424 2115 Vadunt
440 2069 510 2130 igitur
526 2071 549 2115 in
565 2070 668 2132 proeiium
686 2071 713 2116 ab
731 2069 773 2117 sud
792 2078 849 2133 pane
885 2060 886 2140 i

183 2131 305 2188 omissum
328 2139 352 2177 et
370 2133 451 2184 locum,
478 2148 507 2180 ex
525 2150 570 2195 quo
589 2143 707 2187 cesserant,
733 2144 846 2197 repetunt:

182 2203 342 2257 momentoque
356 2211 401 2242 non
417 2197 519 2245 restituta
531 2199 598 2245 modo
608 2212 691 2260 pugna,
709 2200 750 2246 sed
760 2200 849 2246 inclina·

183 2266 221 2305 tur
231 2261 296 2307 etiam
310 2262 396 2308 Sabinis
411 2276 487 2307 cornu.
524 2263 602 2324 Eques
616 2264 674 2309 inter
687 2262 778 2309 ordines
791 2263 849 2325 pedi

183 2332 232 2370 tum
247 2332 319 2372 tectus
336 2341 360 2373 se
376 2326 404 2373 sd
421 2341 491 2386 equos
511 2328 601 2390 recipit:
620 2328 745 2375 transvolat
761 2329 814 2374 Inde
828 2328 848 2372 u

184 2396 270 2450 partem
287 2390 385 2443 aiteram,
403 2392 448 2437 suIs
466 2391 566 2438 victoriae
582 2394 686 2448 nuntius3
704 2392 773 2439 simui
791 2392 847 2439 etin
883 2422 884 2433 a

186 2454 262 2511 hostes
272 2456 320 2516 jam
333 2455 431 2515 pavidos,
449 2456 531 2517 quippe
541 2456 591 2502 iiiso
603 2472 649 2502 suae
663 2457 732 2517 panis
747 2456 847 2503 validiore

186 2534 262 2573 cornu,
279 2521 386 2580 impetum
399 2519 467 2564 facit:
487 2536 532 2565 non
545 2520 638 2567 aliomm
653 2536 680 2567 eo
690 2522 772 2583 proelio
782 2522 846 2567 virtus

184 2585 256 2646 magis
266 2584 352 2631 enituit.
388 2581 476 2630 Consul
485 2584 601 2647 pmvidere
612 2586 692 2638 onmia⁴
706 2584 798 2632 laudare
806 2584 846 2631 Ior-

184 2655 226 2704 tes
238 2650 357 2713 inerme·
373 2646 442 2696 aas
452 2648 629 2714 munuum
638 2656 704 2698 w·
741 2647 847 2715 canan·
