1809 2934
170 137 217 181 rea
303 128 709 195 T.L1V111,n111.0sr.46.;

164 264 248 311 instare
257 261 379 310 ridebatur.
413 261 517 309 lictores
526 261 613 309 Icilium
624 260 841 311 circumsteterant·

165 343 207 374 nec
218 328 276 373 ultra
290 328 363 373 minas
377 335 451 372 tamen
466 342 594 387 processum
605 333 652 372 est:
672 340 724 371 cum
735 325 833 387 Appius,

167 391 247 439 “Non
266 391 391 453 Virginiam
410 390 498 437 defendi
516 392 543 437 ab
561 390 633 443 lcilio,
651 390 690 437 sed
707 390 834 451 inquietum

163 458 284 510 hominem,
296 464 319 503 et
329 457 463 502 tribunatum
474 456 539 501 etism
548 470 608 501 nunc
618 454 746 516 spirantem,
758 454 834 501 locum

165 522 280 568 seditionis
298 519 422 581 quaerere,”
439 520 536 577 diceret3
559 527 629 565 “non
646 519 791 579 praebiturum
808 534 834 567 se

165 587 197 633 illi
208 602 236 633 eo
247 587 282 632 die
292 586 419 631 materiam:
439 585 479 631 sed
489 592 514 630 ut
521 586 569 647 jam
583 584 657 636 sciret,
675 596 722 629 non
733 582 756 629 id
766 591 832 645 petu-

164 651 240 698 lantiae
254 665 309 701 suae,
326 650 366 695 sed
380 648 485 709 Virginio
499 649 583 696 absenti
594 656 617 695 et
626 648 698 709 patrio
708 648 796 693 nomini
809 656 833 695 et

163 714 265 766 libertati,
283 714 366 765 datum,
378 713 419 773 jus
428 729 457 759 eo
471 713 507 761 die
523 729 547 761 se
559 728 604 759 non
620 712 739 765 dicturum,
757 727 830 773 neque

164 780 278 825 decretum
293 777 488 838 interposibrrum:
507 793 521 825 a
537 778 573 823 Μ.
588 775 683 825 Claudio
698 778 829 838 petiturum,

164 850 190 889 ut
200 842 315 888 decederet
325 843 378 903 jure
388 856 436 895 suo,
453 842 604 902 vindicarique
613 841 709 903 puellam
720 841 745 887 iu
755 849 831 903 poste-

162 922 212 952 rum
225 906 284 951 diem
302 913 421 966 pateretur.
458 906 528 960 Quod
543 906 585 952 nisi
604 912 666 967 pater
684 912 777 967 postero
796 907 831 953 die

162 968 268 1022 affuisset,
286 970 416 1017 denuntiare
432 986 457 1017 se
469 969 532 1017 Icilio
545 971 695 1030 similibusque
706 968 773 1024 Icilii,
791 986 831 1017 ne·

162 1050 205 1095 que
214 1035 260 1095 legi
275 1050 322 1081 suae
333 1035 433 1089 latorem,
451 1050 524 1095 neque
539 1035 665 1083 decemviro
680 1035 829 1083 constantiam

162 1098 250 1145 defore:
271 1114 313 1144 nec
323 1114 348 1144 se
358 1100 434 1159 utique
444 1100 581 1161 collegarum
591 1100 681 1146 lictores
691 1106 830 1147 convocatu·

162 1179 211 1209 rum
222 1163 251 1208 ad
258 1162 393 1209 codrcendos
402 1164 518 1212 seditionis
528 1172 644 1221 auctores3
660 1171 794 1211 contentum
805 1180 830 1211 se

162 1228 208 1275 suia
223 1228 342 1273 lictoribus.
349 1226 424 1275 fore.”
465 1226 525 1277 Cum
540 1230 631 1277 dilatum
641 1236 731 1289 tempus
742 1229 830 1291 injuria

161 1299 227 1345 esset,
245 1292 433 1353 secessissentque
450 1294 553 1341 advocati
571 1293 657 1354 puellae,
677 1292 762 1354 placuit
780 1309 829 1341 um-

161 1357 223 1403 nium
241 1358 344 1417 primum,
367 1356 459 1405 fratrem
482 1356 538 1410 Icilii
558 1357 672 1417 liliumque
693 1356 826 1411 Numitoris,

160 1421 268 1483 impigros
279 1422 383 1484 juvenes,
400 1438 494 1484 pergere
507 1423 559 1469 inde
574 1420 636 1469 recti
645 1422 673 1469 ad
683 1429 780 1482 portam,
798 1430 827 1475 et,

161 1494 269 1546 quantum
276 1486 392 1533 accelerari
400 1496 482 1548 posset,
496 1487 623 1549 Virginium
634 1486 722 1533 accirie
733 1487 825 1535 castris:

160 1551 184 1595 in
199 1567 227 1598 eo
237 1552 295 1597 verti
304 1552 384 1612 puellae
394 1552 495 1606 salutem,
513 1552 531 1597 si
548 1559 638 1613 postero
652 1551 688 1597 die
698 1550 784 1597 vindex
794 1552 828 1597 in·

155 1616 224 1676 juriae
239 1616 268 1663 ad
282 1623 369 1677 tempus
383 1624 465 1676 praesto
476 1623 542 1663 esset.
575 1615 639 1665 Jussl
649 1622 756 1677 pergunt,
773 1616 828 1661 cita-
887 1614 888 1623 ¹

159 1680 233 1740 tisquc
250 1681 313 1741 equis
331 1680 434 1726 nuntium
452 1680 481 1731 ad
499 1688 583 1741 patrem
601 1678 723 1741 perferunt.
766 1676 828 1727 Cum

159 1743 253 1791 instaret
267 1751 364 1791 assertor
377 1745 464 1805 puellre,
482 1751 506 1790 ut
517 1744 645 1797 vindicaret,
663 1758 827 1807 sponsoresque
886 1790 887 1812 Χ

159 1808 236 1864 daret;
253 1816 319 1867 atque
329 1807 352 1852 id
362 1808 434 1868 ipsum
442 1809 479 1870 agi
487 1809 569 1855 diceret
580 1807 664 1863 icilius,
682 1808 760 1855 sedulo
768 1816 827 1855 tun-

158 1886 201 1931 pus
217 1878 298 1922 tersas,
316 1871 369 1916 dum
379 1874 525 1933 praeciperent
535 1874 576 1919 iter
587 1874 659 1919 nuntii
668 1874 732 1921 missi
743 1873 767 1919 in
778 1888 828 1921 cas-

157 1942 199 1987 tra,
217 1949 296 1980 manus
311 1934 389 1981 tollere
406 1937 503 1998 undique
517 1938 644 1991 multitudo,
663 1945 686 1984 et
696 1937 827 1999 aequisque
885 1968 886 1996 ι

157 2005 258 2058 paratum
269 1999 297 2045 ad
308 2000 461 2060 spondendum
473 2001 536 2048 lollio
544 2003 667 2049 ostendere.
702 2000 783 2063 Atque
790 2002 827 2049 illc

157 2062 348 2122 lacrymabundus,
374 2066 495 2113 “Graum
511 2064 573 2119 est,”
588 2067 674 2127 inquits
699 2073 714 2095 ‘⁴
729 2065 828 2113 crastini
884 2122 885 2133 ἵ

158 2126 194 2173 die
210 2124 285 2173 vestrl
300 2126 368 2188 operi
384 2137 446 2176 utar:
466 2146 598 2193 sponsorum
614 2146 674 2182 nunc
692 2131 747 2179 satis
763 2128 826 2179 est.”
884 2134 885 2180 l

158 2188 195 2237 Ita
220 2190 344 2239 vindicatur
366 2193 477 2256 Varginia,
503 2197 661 2257 spondentibus
684 2196 823 2257 propinquis.

159 2255 253 2315 Appium
270 2257 380 2318 paulisper
393 2267 500 2315 moratus,
518 2276 547 2307 ne
557 2262 605 2322 ejus
619 2262 650 2307 rei
661 2258 729 2307 causti
742 2260 828 2307 sedisse
883 2288 884 2299 ι

157 2318 276 2393 videretur,
297 2328 421 2382 postquam,
446 2325 533 2371 omissis
555 2327 619 2373 rebus
638 2324 686 2371 aliis
704 2340 752 2386 prae
771 2322 827 2371 ouri
883 2302 884 2362 i

156 2397 229 2437 unius
247 2400 313 2432 nemo
328 2387 407 2441 adibat,
425 2388 516 2437 domum
534 2404 558 2437 se
573 2389 669 2451 recepit3
687 2389 826 2451 collegisque
882 2432 883 2437 ,

156 2445 259 2523 incastis
269 2451 351 2504 scribit,
368 2467 397 2499 ne
406 2452 511 2515 Vrrginio
522 2462 671 2501 commeatum
679 2454 741 2507 dent,
756 2462 824 2514 atquc

155 2520 223 2562 ettam
235 2514 259 2560 in
271 2514 371 2563 custodit
380 2517 481 2565 babeant
516 2517 646 2580 Improbum
657 2517 777 2565 consilium
789 2533 823 2568 se-

155 2591 212 2631 rum,
229 2586 255 2625 ut
265 2580 346 2632 debuit,
362 2580 418 2627 fuit:
437 2584 522 2643 etjam,
535 2591 661 2639 commeatu
671 2590 755 2637 sumto,
769 2597 825 2645 pro,
881 2620 882 2643 ,

153 2640 226 2694 fectus
236 2644 354 2706 Virginius
366 2644 438 2709 pn'mt
448 2645 525 2708 vigilii
542 2655 597 2703 erat
614 2662 666 2703 oum
680 2654 772 2711 potero
787 2646 823 2703 ,tic
881 2650 882 2730 l
