1809 2934
180 163 228 209 154
309 158 339 207 Τ.
353 157 442 236 LIVII
458 156 510 205 Lm.
524 154 572 205 III.
592 156 652 207 cnr.
666 161 706 205 13.

179 305 204 337 se
217 296 341 351 querentes,
356 295 380 335 et
394 280 506 335 tribunum
522 288 549 334 ad
564 302 611 334 rem
624 284 774 349 peragendam
787 286 847 335 ultro

180 355 307 402 incitabant.

212 417 272 465 XII.
291 418 344 467 Jam
354 418 445 479 aderatJ
439 417 518 463 ‘udicio
530 416 582 469 dies,
595 416 761 477 apparebatque,
775 416 847 491 ¹vulgo
891 402 892 469 l

180 484 303 530 bornines'
297 498 320 529 m
338 483 478 528 damnatione
493 480 596 529 Caesonis
609 481 731 527 libertatem
746 480 783 542 agi
798 496 847 527 cre·

180 548 238 595 dere.
274 547 334 593 Tum
349 547 438 593 demum
453 553 549 599 coactus,
566 560 617 591 cum
632 543 703 591 multi
714 545 848 606 indignitate

179 613 296 689 prensabat
307 611 420 672 singulos·
440 611 586 671 sequebantur
596 609 719 663 necessarii,
736 610 847 671 principes

180 676 283 723 civitatis.
319 674 349 719 T
367 673 474 727 Quintius
494 673 638 735 Capitolinus,
659 675 697 733 qui
715 680 750 720 ter
768 674 848 720 consul

179 740 258 792 inerat,
282 753 333 784 cum
353 739 423 785 multa
441 738 532 785 referret
551 754 590 785 sna
607 737 740 798 familiaeque
758 738 845 815 decora,

180 804 315 850 affirmabat:
337 801 455 863 ‘Neque
448 818 472 849 m
484 800 578 856 Quintia
588 810 662 865 gente,
676 818 747 863 neque
757 803 781 848 in
793 802 848 849 civi-

180 875 227 914 tate
242 864 353 921 Romani,
373 874 458 914 tantam
473 867 571 913 indolem
587 875 632 913 tarn
649 874 742 913 maturae
757 868 848 913 uirtutis

180 946 278 991 amquam
288 933 406 978 exstitisse.
439 933 510 979 Suum
520 932 615 993 primum
626 932 717 977 militem
730 930 806 985 fuisse,
824 946 849 979 se

180 1012 242 1057 saepe
262 996 352 1043 vidente
372 994 511 1057 pugnisse'
505 1011 528 1041 m
547 994 661 1043 hostem.”
699 996 738 1058 Sp
755 994 847 1049 Furius,

181 1068 198 1091 ‘⁴
208 1060 301 1106 mIssnm
317 1062 344 1107 ab
361 1059 456 1135 Quintio
473 1058 599 1121 Capitolino
615 1061 654 1107 sibi
669 1074 719 1107 eum
737 1060 760 1105 in
777 1058 850 1107 dubiis

180 1126 227 1171 suis
246 1126 310 1170 rebus
328 1126 416 1172 venisse
435 1126 546 1171 subsIdio:
573 1126 682 1171 neminem
701 1140 771 1171 unum
790 1140 848 1179 esse,

180 1190 244 1251 cujus
255 1189 327 1250 magis
338 1187 405 1250 opera
414 1196 478 1265 putet
489 1206 536 1236 rem
547 1187 696 1236 restitutam?
722 1188 751 1235 L
761 1188 850 1235 Lucre·
867 1188 869 1191 ’

181 1254 232 1306 tius,
252 1254 330 1300 consul
344 1254 396 1299 anni
409 1254 495 1315 prioris,
514 1255 596 1301 recenti
611 1250 683 1316 glorii
698 1254 779 1306 nitens,
797 1268 850 1301 suas

180 1318 257 1364 landes
275 1319 405 1380 participare
421 1334 473 1364 curn
490 1317 593 1395 Caesone,
613 1333 736 1365 memorare
750 1332 848 1379 pugnas,

180 1382 264 1429 referre
273 1384 365 1445 egregIa
375 1383 477 1435 facinora,
491 1398 549 1429 nunc
559 1384 583 1427 in
594 1382 775 1445 expeditionibus,
788 1397 850 1429 nunc

180 1448 275 1494 inscie:
295 1448 548 1500 suadereetmonere,6
551 1448 667 1509 ‘juvenem
678 1446 850 1509 egregiumin-

182 1519 291 1559 structum
310 1521 396 1559 naturae
413 1512 552 1571 fortunaeque
569 1512 669 1557 omnibus
685 1512 755 1564 bonis,
778 1512 850 1557 nuxi-

181 1592 244 1623 mmn
255 1585 392 1623 momentum
404 1592 477 1623 rerum
488 1577 535 1638 ejus
543 1576 644 1629 civitatis,
656 1576 680 1621 in
688 1590 852 1636 quamcumque

181 1643 286 1694 venisset,
305 1658 376 1694 sunm,
394 1657 459 1702 quarn
476 1640 578 1693 alienum,
596 1640 723 1686 mallent
703 1655 776 1686 crvem
791 1655 849 1687 esse.

184 1705 253 1760 Quod
267 1704 364 1752 offendat
377 1707 400 1751 in
416 1721 450 1757 eo,
467 1704 577 1751 fervorem
588 1711 611 1750 et
621 1704 741 1757 audaciam,
759 1710 851 1751 aetatem

181 1770 279 1829 quotidie
294 1769 396 1826 auferre3
418 1769 477 1829 quod
496 1769 630 1815 desideretur
644 1769 769 1821 connium,
790 1769 813 1815 id
828 1770 852 1815 ln

181 1834 228 1878 dies
239 1848 344 1878 crescere
373 1834 542 1879 Senescentibus
552 1833 618 1887 vitiis,
631 1839 796 1879 maturescente
805 1834 852 1879 vir·

181 1903 237 1948 tute,
254 1896 351 1942 sinerent
365 1904 451 1943 tantum
467 1898 539 1943 virum
555 1912 630 1944 senem
640 1898 663 1943 in
674 1898 766 1944 civitate
776 1896 852 1944 lieri.”

181 1959 268 2006 Pater
261 1967 319 2006 mter
333 1961 375 2007 hos
390 1960 418 2006 1,
431 1961 544 2015 Quintius,
561 1963 597 2008 cui
613 1960 748 2010 Cincinnato
765 1977 853 2024 cogno-
891 1966 892 2051 J

181 2038 234 2070 men
252 2032 305 2078 erat,
327 2040 372 2070 non
388 2026 488 2071 iterando
503 2026 585 2079 landes,
606 2040 636 2072 ne
652 2026 801 2073 cumularet*
794 2027 855 2073 mvi-
891 2056 892 2087 ι

182 2088 247 2140 diam,
265 2090 303 2134 sed
317 2090 405 2136 veniam
420 2090 489 2136 errori
503 2098 569 2150 atque
579 2090 734 2137 adolescentiae
744 2091 851 2153 petendo,
891 2126 892 2153 J

182 2153 230 2204 sibi,
246 2168 283 2213 qur
295 2168 341 2199 non
351 2154 417 2207 (licto,
433 2169 480 2200 non
492 2154 553 2201 sacto
568 2169 701 2217 quemquam
711 2153 892 2209 offendisset,

182 2224 208 2262 ιιι
218 2217 369 2264 condonarent
378 2218 456 2272 filium
473 2220 554 2265 orabat
591 2210 892 2267 Sedabiaversabantur
891 2236 892 2239 ¹

182 2296 265 2343 preces,
286 2289 324 2328 aut
342 2281 474 2329 verecundie
492 2291 530 2329 aut
545 2290 622 2330 metu:
647 2284 691 2337 alii,
712 2299 738 2330 se
755 2299 856 2345 suosque

182 2346 290 2455 mrunlpams
309 2356 432 2407 querentes,
452 2348 521 2394 atroci
538 2362 643 2410 responso
658 2348 769 2411 judicium
786 2364 855 2396 sumn
891 2360 892 2369 ²

240 2412 336 2457 erebant.
891 2418 892 2423 ’

174 2426 199 2497 'P
215 2472 288 2520 XIII.
308 2475 426 2523 Premebat
436 2491 505 2529 reum,
517 2476 678 2539 praetervnlga
609 2476 724 2539 irrigatam
735 2476 854 2529 invidiam,

181 2538 266 2585 crimen
282 2555 368 2599 unum,
390 2540 449 2601 quod
465 2540 501 2586 Μ
516 2540 622 2588 Volscius
639 2540 723 2594 Fictor,
744 2541 892 2601 quiante

181 2603 265 2665 aliquot
279 2620 350 2653 annos
360 2576 464 2651 lnbunus
478 2604 547 2667 plebIn
556 2604 635 2659 luerat,
651 2606 715 2652 testis
725 2606 855 2657 omnent,
