1809 2934
201 154 331 205 1¹·less
347 155 399 206 ln.
413 157 462 207 111.
482 158 541 211 Car.
555 166 602 211 ll·⁸
683 171 729 218 159

46 288 74 334 in
85 286 155 349 hge,
167 299 221 347 quie
230 301 270 347 per
279 302 357 334 omnes
367 288 489 337 comitiales
499 290 546 338 dies
554 291 671 347 ferebatur,
687 296 731 342 im-

47 348 171 415 pediendi
181 352 294 412 gerebant.
322 350 414 399 Initium
424 362 471 401 ernt
482 355 543 408 rixae,
557 372 607 402 cum
618 358 730 406 usoedem

46 416 169 479 popubnn
175 415 297 476 jussissem
306 417 393 470 tribuni,
410 419 469 478 qnod
481 417 559 466 Patres
570 436 595 467 se
605 423 729 469 submoveri

49 481 118 529 hurd
142 480 263 525 sinebant:
292 494 333 526 neo
353 481 400 528 fere
421 484 518 529 seniores
540 485 571 530 rei
593 486 733 545 intererunt}

48 545 143 607 quippe
153 558 206 604 quae
217 558 262 590 non
274 544 364 591 oonsilio
376 548 479 607 regenda,
494 548 533 594 sed
542 551 649 610 permissa
658 558 730 598 tenre-

47 610 116 657 ritsti
133 608 278 669 audnciaeque
289 617 354 655 aret.
388 610 489 657 Multum
500 619 523 658 et
533 615 635 661 consules
646 630 670 661 se
680 617 731 663 abs·

48 675 168 723 tinebant,
192 687 222 718 ne
238 673 280 726 oui,
302 674 327 718 in
345 674 469 721 colluvione
488 692 568 731 rerum,
591 680 729 741 majestatem

48 753 122 786 snam
146 737 290 784 contruneliae
310 737 420 785 offerrent.
457 739 524 788 Caeso
545 750 593 789 erat
613 742 727 798 Quintius,

46 803 122 849 senx
129 802 231 862 juvenis,
243 799 286 861 qui
293 802 408 849 nobilitate
414 804 495 864 gentis,
508 804 551 865 qni
558 808 656 869 eorporis
664 824 729 872 mag-

49 865 163 913 nimdine
178 870 203 911 et
218 866 313 912 viribus:
334 866 362 912 ad
378 883 404 913 ea
418 883 517 923 munem,
536 869 586 917 duta
600 888 614 918 a
628 872 688 927 Diis,
705 881 730 921 et

49 933 104 993 ipae
124 929 242 976 addiderat
259 930 330 977 multa
347 931 398 977 beili
414 932 499 986 decora,
519 932 687 997 facundiamque
705 938 731 985 in

48 996 124 1052 foro5
142 1001 170 1040 ut
180 1008 253 1046 neruo,
270 1010 316 1040 non
326 993 409 1057 lingui,
425 1012 471 1042 non
485 1012 559 1051 manu,
576 1002 688 1061 promtior,
705 1003 729 1049 in

49 1061 151 1107 civitate
166 1057 289 1104 baberetur.
324 1058 372 1105 Hic
387 1075 438 1106 cum
455 1062 478 1106 in
493 1063 564 1109 medio
579 1063 672 1113 Panum
687 1082 729 1129 ng·

50 1126 120 1171 mine
137 1122 281 1175 constitisset,
302 1124 402 1170 eninena
417 1126 475 1171 inter
490 1128 551 1181 alios,
571 1129 633 1176 velut
649 1146 729 1178 omnes

50 1190 184 1236 &cutiam
201 1188 372 1263 ponsulatusque
389 1204 470 1251 gerens
487 1191 511 1236 in
529 1208 586 1239 voce
604 1209 630 1241 ec
645 1196 730 1243 viribus

50 1265 193 1365 w
203 1254 731 1379 wrffltpttittttlloelt

50 1398 79 1429 ac
90 1379 176 1441 fugstn
185 1380 247 1441 plebs
257 1387 305 1426 eat:
323 1382 360 1441 qui
376 1383 453 1428 obvius
467 1382 545 1436 fuerat,
563 1385 671 1433 mulcatus
686 1402 728 1433 nu-

52 1448 171 1505 datusque
181 1443 253 1490 abibat
259 1462 267 1502 ;
284 1452 309 1491 ut
319 1445 373 1491 satis
383 1454 504 1507 appareret,
521 1449 539 1493 si
555 1448 586 1494 sio
596 1450 633 1509 agi
643 1449 726 1504 liceret,

52 1510 143 1557 victam
159 1509 233 1570 legem
243 1524 299 1554 esse
333 1508 401 1563 Tum,
418 1526 488 1571 prope
499 1512 547 1573 jum
561 1514 666 1573 perculsis
681 1514 728 1560 nliis

51 1574 161 1625 trilnmis,
186 1573 216 1619 A.
234 1570 357 1635 Virginius,
380 1589 410 1619 ex
430 1574 525 1635 collegio
546 1590 610 1628 unus,
637 1575 729 1625 Caesoni

52 1637 139 1700 ospitis
150 1637 209 1683 diem
217 1637 283 1683 dicit:
300 1644 365 1684 atrox
374 1638 489 1699 ingenium
497 1640 626 1695 accenderat
634 1656 661 1687 eo
668 1640 728 1689 facto

52 1703 141 1765 mgis,
161 1716 228 1763 quarn
245 1709 410 1749 conterruerat:
436 1718 464 1748 eo
483 1704 554 1750 nerins
572 1705 659 1752 obstare
674 1706 727 1769 legi,

52 1769 146 1830 agitare
160 1765 255 1827 plebem,
275 1766 374 1812 tribunos
390 1767 452 1813 velut
466 1769 529 1829 justo
544 1770 644 1829 persequi
660 1770 726 1817 bello.

54 1832 189 1879 Accusator
203 1831 249 1891 pati
263 1846 325 1876 reum
340 1846 410 1885 ruere,
427 1832 559 1893 invidiaeque
573 1833 685 1881 flammam
701 1850 727 1883 nc

53 1894 176 1942 nister'mm
190 1894 317 1941 criminibus
331 1896 377 1941 nris
391 1911 524 1958 suggerere:
543 1898 616 1959 legem
629 1900 729 1953 interim,

54 1974 104 2006 non
121 1958 437 2021 tamndspemperierendi,
455 1962 727 2021 quamadlncesseudanr

56 2023 167 2073 Caesonis
177 2023 331 2077 teneritatem,
342 2023 407 2070 serre.
442 2020 563 2079 Ibi‘multn,
580 2042 640 2089 saepe
652 2029 679 2075 ab
688 2030 728 2090 ju-

54 2096 153 2135 ventute
169 2087 295 2133 inconsulte
310 2087 369 2134 diota
381 2087 488 2149 tactuque,
505 2091 529 2135 in
544 2092 609 2137 unius
623 2090 727 2141 Caesonis

208 2150 308 2198 incidunt
326 2152 455 2213 ingenium:
482 2161 556 2200 tamen
574 2155 619 2217 legi
638 2158 727 2203 resiste-

55 2220 131 2264 batur·
167 2214 202 2263 Et
216 2216 247 2262 Α.
258 2215 375 2277 Virginius
389 2217 509 2264 identidem
521 2219 590 2279 plebi:
615 2220 727 2282 “Ecquid

54 2280 146 2329 sentitis
151 2281 208 2342 jam,
221 2295 269 2333 vos,
284 2280 390 2335 Quirites,
404 2279 523 2330 Caesonem
535 2284 600 2329 simul
610 2284 688 2338 nivern,
704 2291 728 2331 et

54 2346 140 2408 legen,
152 2359 221 2405 quam
231 2344 319 2406 cupitis,
332 2346 412 2391 babere
422 2360 468 2392 nou
477 2347 559 2407 posse?
585 2347 726 2409 Quamquam

53 2410 111 2471 quid
121 2424 168 2472 ego
179 2408 252 2470 legem
262 2408 360 2469 loquor?
375 2409 469 2456 libertati
480 2412 565 2468 obstat;
580 2426 657 2458 omnes
668 2412 726 2459 Tar-

54 2471 727 2620 qfflmuurnuulnuuuuu

54 2609 192 2667 regnantun
202 2600 300 2650 videtis’
341 2602 526 2651 discutiebantur
539 2603 610 2658 mirlti,
627 2603 728 2665 pulsatos
