1809 2934
201 133 331 184 T.L1vl1
347 135 399 184 Lnr.
414 136 449 184 11.
468 136 529 186 Cer.
542 142 582 186 29.
697 147 731 193 ⁹9

60 264 171 318 Hercule,
187 264 268 317 virurn,
281 265 442 328 (idenimplus
455 281 512 319 esse,
527 269 731 331 qtumconsnlm)

59 329 131 392 qrralis
142 329 188 390 Ap·
200 326 386 382 chudiusfuertt,
403 338 518 378 momento
530 333 636 392 terporis
647 334 732 381 discus·

61 410 138 446 surum
150 393 202 441 illos
217 400 290 440 coetus
307 392 401 440 fuisse”
435 393 540 455 Correpti
554 397 657 444 consules
672 395 731 451 cum,

60 460 112 520 quid
126 474 184 520 ergo
199 457 306 505 sefacere
318 459 407 512 vellent,
420 459 488 522 (nihil
501 460 562 506 enim
574 461 665 522 segnius
675 463 733 509 mol-

59 525 137 576 liusve,
154 537 222 583 quem
238 521 341 570 Patribus
351 523 441 584 placent,
459 522 560 584 acturos)
576 533 733 586 percontaren-

60 597 100 642 tnr,
113 588 246 639 decernunt,
256 595 282 634 ut
292 588 401 634 delectun
411 602 477 648 quem
484 589 615 636 acerrimum
622 590 731 638 hsbeent:

59 654 104 700 otio
123 651 228 700 lascivire
239 651 332 712 plebem.
368 651 471 699 Dimisso
487 661 572 706 sensui.
590 654 693 702 consules
708 656 732 701 in

59 716 312 765 tnltunalodsoendunt:
326 716 395 764 citent
405 718 536 764 nominetim
542 718 650 781 jrmiores.
670 718 731 768 cnm

58 782 85 830 ed
93 796 180 829 nomen
192 795 258 828 nemo
269 782 417 843 responderet,
435 783 569 829 circumiirss
578 783 697 831 multitudo
707 785 732 831 in

58 847 175 894 concionis
189 846 280 893 modum
292 861 380 908 negare,
395 847 475 893 “ultra
486 847 648 909 decipiplcbem
657 865 730 910 posse.

60 911 187 974 Nunqrum
209 925 278 957 unum
300 911 392 957 militem
407 911 527 964 hebituros,
546 913 570 957 ni
590 921 734 974 prestaretur

58 975 112 1024 fides
127 975 231 1038 publice:
249 976 371 1022 lrlrertctem
389 975 507 1036 unicuique
522 977 583 1038 prius
598 978 731 1026 reddendam

58 1057 113 1095 esse,
124 1056 193 1101 quam
204 1056 265 1087 erma
276 1041 361 1097 dsndn3
378 1048 403 1087 ut
410 1056 451 1101 pro
462 1039 532 1102 patrii
539 1041 672 1102 civibusque,
685 1058 731 1091 non

57 1121 98 1168 pro
113 1106 219 1158 dourinis,
235 1105 362 1167 pugnent.”
396 1103 515 1158 Consules,
531 1106 585 1166 quid
602 1108 730 1154 mandatum

58 1177 117 1218 esset
125 1186 139 1218 s
147 1178 235 1222 senatu,
245 1171 359 1217 videbant:
379 1170 418 1216 sed
428 1185 513 1223 eorum,
522 1172 560 1230 qui
567 1172 627 1218 intre
636 1173 732 1232 parietes

58 1235 127 1282 curiae
138 1235 245 1282 ferociter
254 1234 403 1295 loquerennn,
419 1237 531 1281 neminem
542 1235 625 1289 edesse,
642 1237 732 1284 invidiae

59 1315 106 1348 ruae
117 1300 263 1362 participant
281 1307 305 1346 et
315 1301 432 1362 apparebat
445 1299 572 1347 ntroxcum
584 1301 648 1361 plebe
660 1309 731 1347 certe-

59 1381 118 1412 men.
155 1363 225 1411 Prius
235 1365 315 1425 itaque,
328 1379 394 1425 quern
405 1365 483 1410 ultime
492 1365 652 1426 experirentur,
666 1380 731 1412 sens-

59 1437 107 1478 tun
127 1430 211 1476 iterum
226 1429 341 1476 consulere
354 1429 450 1490 placuit:
476 1436 524 1474 turn
546 1443 600 1475 vero
621 1429 650 1475 sd
668 1430 733 1476 selles

59 1493 179 1542 munium
196 1509 266 1556 prope
280 1491 427 1540 convolavere
441 1493 547 1538 minimus
564 1493 657 1552 quisque
678 1501 732 1539 netu

61 1557 162 1612 Petrum,
184 1559 285 1605 abdicare
301 1559 440 1606 consulatum
451 1558 562 1620 jubentes,
579 1564 602 1602 et
623 1556 734 1618 deponere

59 1621 619 1750 iiiiiifflssiidiinfflfflti
642 1685 731 1732 semum

58 1754 175 1800 consubsz
196 1751 260 1799 “Ne
269 1753 398 1813 predictum
408 1752 502 1813 negetis,
515 1749 594 1796 Pstres
605 1750 731 1812 conscripti,

59 1819 121 1864 adest
135 1819 219 1879 ingens
234 1817 319 1864 seditio.
354 1816 504 1868 Postulnmus,
517 1821 542 1861 ut
553 1815 574 1867 ii,
587 1815 624 1875 qui
635 1814 733 1863 maxime

58 1883 174 1944 ignevim
185 1882 306 1943 increpent,
316 1882 389 1928 edsint
402 1881 466 1928 nobis
474 1879 603 1927 hnbentibus
612 1880 729 1927 delectrun.

59 1947 173 1994 Acerrimi
190 1948 297 2006 cu'usqne
311 1947 407 1998 arbitrio,
428 1946 516 2007 quando
537 1945 569 1991 its
586 1945 665 2006 placet,
684 1959 731 1992 rem

59 2009 182 2074 sgemrrs.”
296 2018 322 2057 nt
343 2012 366 2056 in
388 2011 505 2068 tribunnl;x
522 2010 584 2056 citari
600 2010 731 2056 nominatim

59 2091 128 2140 unum
140 2091 171 2122 ex
182 2075 217 2130 iis,
230 2075 302 2137 quiin
313 2083 434 2136 conspectu
451 2082 521 2128 erent,
533 2072 606 2120 dediti
616 2073 683 2136 operi
692 2076 731 2136 jn-

58 2141 118 2188 beut.
156 2139 218 2190 cum
229 2147 298 2186 steret
305 2141 392 2193 tacitus,
403 2147 427 2186 et
434 2141 494 2186 circs
503 2154 555 2186 eum
566 2139 650 2200 aliquot
657 2139 730 2185 homi·

58 2221 119 2259 utun,
136 2221 168 2252 ne
178 2205 238 2252 forte
248 2205 374 2258 violaretur,
386 2205 522 2250 constitisset
531 2203 617 2265 globus,
629 2204 730 2250 lictorem

57 2271 144 2318 edeum
153 2269 259 2316 consules
266 2270 371 2316 mittunt:
382 2285 426 2330 quo
435 2269 530 2330 repulso,
536 2276 584 2314 tum
590 2283 651 2321 vero,
658 2268 733 2330 indig-

57 2349 112 2382 num
125 2335 215 2382 facinus
225 2349 281 2387 esse,
296 2334 440 2386 clamitantes,
452 2334 489 2393 qui
505 2332 598 2379 Pstrrnn
606 2332 733 2379 consultius

57 2400 157 2453 aderunt,
170 2399 276 2446 devolant
285 2399 314 2445 de
324 2399 432 2451 tntunnli,
442 2397 545 2444 utlictori
555 2397 637 2443 auxilio
647 2404 729 2443 essent.

58 2463 104 2512 sed
114 2465 143 2512 sb
154 2463 239 2516 lictore,
255 2463 310 2510 nihil
325 2463 384 2509 eliud
393 2477 460 2525 quarn
467 2462 603 2524 prehendere
612 2462 730 2522 prohrltito,

57 2543 110 2575 cum
118 2540 244 2576 conversus
253 2529 276 2574 in
289 2527 368 2574 Patres
378 2528 474 2588 impetus
489 2534 555 2579 esset,
568 2526 685 2572 consulum
694 2526 731 2569 in-

58 2601 163 2640 tetcursu
180 2594 229 2640 rixs
243 2593 318 2640 sedete
334 2600 382 2640 est:
402 2593 424 2638 in
435 2589 480 2652 qud
489 2597 572 2642 temen,
587 2591 636 2636 sine
650 2588 729 2648 lepide,

56 2659 107 2706 sine
118 2658 173 2711 telo,
184 2658 242 2723 plus,
250 2657 352 2706 clamoris
371 2663 437 2718 etque
452 2656 543 2707 irarum,
560 2668 626 2715 quem
637 2651 730 2713 injurie,
