1809 2934
203 128 232 183 Τ.
243 128 330 182 alvu
346 129 399 179 Lu.
413 130 461 179 111.
482 130 540 183 Cur.
551 136 591 181 41.
624 140 625 143 ’
682 137 727 187 188

58 260 94 314 ita
112 275 140 309 so
156 274 234 321 parare
252 261 298 320 Ap-
316 259 442 314 Claudium,
465 267 491 307 ut
509 262 656 315 conitiorum,
678 278 730 323 quac

60 326 197 375 &camuris
211 325 311 371 creandis
325 325 435 374 doceurvir
445 327 493 387 ipse
503 326 608 379 habuerit,
626 327 682 372 sciat
692 326 731 376 ribi

61 390 174 442 rationem
192 389 324 437 radendam
343 404 399 444 ease,
423 398 498 437 utrum
517 390 540 435 in
560 404 628 437 unum
647 404 730 439 annum

60 456 130 503 creti
142 455 195 507 sint,
212 469 241 501 au
253 454 325 501 donoc
334 455 403 516 leges,
420 470 472 515 quae
483 455 591 509 deessent,
609 453 732 515 perferren·

62 526 106 565 tur.
143 517 174 568 Iu
187 518 307 579 praesentia
321 519 396 567 omnia
409 527 491 581 praeter
505 519 586 566 beilum
600 520 672 573 omitti¹
684 520 731 581 pia„

61 598 126 632 oete:
146 584 212 645 cujus
229 584 248 630 si
261 583 318 630 saiso
331 583 413 631 famam
429 584 550 647 vulgatam,
568 598 731 644 vanaquenou

31 645 35 651 ’
61 648 155 695 nuutios
165 648 246 701 soirun,
264 648 303 694 sed
313 646 490 701 Tusculanorum
505 650 571 696 aum
585 649 679 710 legatos,
697 655 731 695 at·

60 712 141 759 urbsse
156 719 248 773 putent
266 713 414 773 speculatores
433 714 553 761 mittendos
571 728 668 767 censere,
691 713 731 773 qui

60 777 146 824 certius
159 777 274 837 explorata
284 775 386 825 referant.
422 778 463 824 Sin
472 778 526 827 tides
537 787 560 825 et
570 778 653 825 nuntiis
663 784 687 825 et
697 778 729 829 Ιβ,

61 842 122 902 getis
132 842 246 894 habeatur,
264 841 374 889 delectum
388 844 459 903 primo
474 858 561 903 quoque
575 852 675 905 tempore
690 842 729 899 ha,

60 906 123 962 beri3
141 906 285 958 decemviros,
303 922 348 966 quo
359 907 438 967 cuique
448 922 525 953 eorum
540 908 645 962 videatur,
664 922 728 961 euer-¹
755 916 759 921 “

61 969 120 1017 citus
130 970 225 1026 ducere;
242 979 283 1017 ne'c
293 985 341 1017 rem
352 971 415 1018 eiiam
426 970 555 1033 praeverti.”

93 1032 164 1081 XLI.
185 1031 214 1079 In
221 1035 279 1081 banc
289 1036 420 1083 sententiam
431 1043 457 1081 ut
467 1036 619 1090 discederetur,
628 1037 730 1099 juniores

62 1096 158 1147 Patrem
172 1099 310 1153 evincebant·
346 1098 475 1147 Ferociores
487 1102 566 1149 iterun
578 1102 648 1151 coorti
658 1101 728 1155 varo,

61 1162 108 1209 rius
119 1161 275 1223 Horatiusque
285 1162 406 1218 vociferari,
426 1173 475 1211 “ut
489 1166 517 1212 de
529 1164 639 1227 republicis
653 1166 729 1213 liceret

62 1227 149 1277 dicere:
168 1227 267 1275 dicturos
280 1228 308 1274 ad
318 1230 431 1289 populum,
449 1230 501 1275 siin
513 1239 590 1279 senatu
599 1230 729 1291 perfactio·

62 1306 115 1341 aeus
132 1306 180 1339 uon
196 1292 274 1339 liceat:
300 1306 373 1351 aeque
390 1293 450 1338 enim
469 1294 509 1339 sibi
527 1295 631 1355 privatos,
649 1295 728 1344 autin

61 1354 123 1403 curii
134 1355 206 1402 autin
219 1356 332 1409 concione,
349 1371 415 1417 posse
429 1358 531 1414 obstare;
548 1372 620 1417 neque
635 1373 659 1405 se
673 1358 728 1407 ima·

60 1420 154 1483 gistaidis
169 1419 265 1467 fisenus
282 1435 359 1467 eanum
375 1436 477 1467 cessuros
493 1420 569 1469 esse.’'
602 1420 662 1470 Tum
679 1422 729 1483 Ap·

61 1487 119 1547 μίιιι,
133 1486 183 1546 J'uu
197 1500 266 1546 prope
281 1500 330 1531 esse
346 1493 413 1538 ratus,
431 1492 463 1538 ut,
481 1486 504 1530 ni
521 1485 634 1531 violentiae
651 1498 728 1534 eorum

61 1551 107 1611 pri
129 1550 271 1597 resisteretur
291 1547 388 1602 audaciai,
411 1550 495 1595 rictum
516 1549 633 1610 imperium
655 1556 727 1597 esset:

63 1622 79 1645 ⁴⁴
88 1613 145 1661 Nou
155 1614 199 1661 erit
208 1613 314 1667 meiiua,”
325 1615 403 1673 inquit,
417 1621 433 1642 ‘⁴
440 1614 483 1659 nisi
493 1614 521 1661 de
531 1629 576 1673 quo
584 1613 728 1667 consulimus,

61 1694 143 1727 rocem
153 1679 241 1725 misisse
248 1677 273 1724 :¹¹
290 1686 314 1724 et
328 1678 356 1725 ud
367 1677 489 1732 Valerium,
508 1685 626 1740 negantem
644 1693 668 1723 se
684 1678 730 1739 pri·

61 1752 114 1793 rute
125 1743 227 1795 reticere,
244 1743 344 1789 lictorem
359 1744 464 1791 accedere
474 1744 548 1805 jussit.
583 1742 635 1791 Jarn
651 1741 729 1795 Quiri·

61 1809 118 1855 tium
134 1806 203 1855 fidem
221 1808 353 1868 implorante
372 1807 463 1855 vuerio
480 1824 493 1855 a
510 1808 577 1855 curiae
596 1808 678 1861 limine,
696 1802 724 1861 L,

63 1870 184 1921 Cornelium
205 1873 334 1933 complexus
355 1872 462 1935 Appium,
485 1888 531 1919 non
556 1873 592 1919 cui
614 1872 729 1923 simulabat

61 1937 207 1990 comuleado,
224 1937 312 1983 diremit
326 1945 451 1985 certamen:
469 1936 571 1998 factique
585 1952 624 1999 per
640 1935 727 1985 Come·

61 2001 117 2050 lium
128 2001 222 2049 Valerio
232 2001 319 2047 dicendi
328 2000 407 2062 gatii,
424 2018 475 2063 quae
485 2003 559 2055 vellet,
577 2017 629 2049 cum
639 2001 727 2052 libertas

60 2080 106 2115 neu
123 2067 183 2113 ultra
200 2080 279 2111 vocem
298 2062 436 2120 ucesdsset,
453 2066 572 2113 decemviri
591 2066 727 2129 propositum

62 2128 161 2179 m
197 2128 333 2177 Connslares
343 2146 430 2191 quoque
440 2146 466 2177 ae
477 2133 582 2183 seniores,
599 2132 627 2177 ab
641 2131 728 2181 residuo

62 2196 186 2243 minuc
207 2195 324 2256 potestatis
345 2194 403 2249 odio,
428 2198 491 2257 cujus
517 2196 648 2243 desiderium
669 2195 727 2257 plebi

61 2260 132 2307 multo
141 2260 223 2311 acrius,
240 2272 307 2318 nam
317 2260 438 2305 consubria
448 2260 541 2321 imperii,
558 2260 662 2305 rebantur
670 2274 726 2313 eoae

60 2339 130 2385 prope
139 2323 259 2375 metebant,
267 2322 385 2383 manando
395 2323 455 2384 ipsos
466 2324 603 2371 decemviros
613 2324 728 2375 voluntate

59 2388 120 2436 stira
129 2388 270 2449 magistram,
287 2401 352 2446 quun
367 2386 535 2435 tonnitorum
546 2402 668 2448 exsurgere
679 2402 728 2435 rur·

60 2466 101 2502 sus
108 2454 213 2515 plebemt
226 2452 245 2497 ri
255 2451 334 2497 leuiter
344 2451 411 2499 ducta
421 2467 456 2497 rea
468 2453 515 2499 sine
525 2452 624 2513 populari
635 2452 728 2513 strepitu

61 2517 90 2564 sd
102 2517 210 2565 omnio·
224 2511 325 2568 rodim
341 2523 381 2563 aut
393 2516 456 2563 benis
470 2517 612 2578 narpontn,
630 2523 669 2561 out
678 2529 728 2561 mo·

61 2581 178 2629 hadone
192 2579 309 2627 canusima
323 2579 347 2625 iu
361 2580 460 2641 imperiis
475 2580 611 2632 exercendis,
629 2592 695 2639 posse
704 2578 728 2625 in

60 2644 199 2695 obiirioum
213 2645 350 2701 tribuerim
363 2644 449 2707 piebem
459 2644 545 2695 adduci.
580 2641 674 2691 suendo
685 2638 730 2691 Par
