1809 2934
156 132 202 188 sss
299 123 428 172 nmvn
445 121 543 172 nnn
563 121 676 172 enne

156 257 262 308 tribunos,
277 253 304 304 C.
319 254 432 306 Sicinium,
446 252 475 299 L.
486 252 650 306 Numitorium,
662 251 699 299 Μ.
710 251 826 306 Duellium,

157 320 196 382 Su
211 319 305 374 Icilium,
319 319 347 366 L.
359 318 496 365 Maecilium.
531 317 642 363 Volscum
651 317 828 378 AEqrricumque

157 385 216 432 inter
242 385 372 432 seditionem
393 383 528 435 Romanam,
553 389 589 428 est
608 383 692 428 bellum
712 390 828 430 cnorum.

158 449 308 497 Vastaversnt
322 463 395 510 agros,
414 455 445 500 ut,
464 449 482 493 si
499 463 543 508 qua
557 447 653 493 secessio
668 447 739 508 plebis
753 445 828 502 fiaes,

157 515 186 562 ad
203 531 227 564 se
244 521 357 575 receptum
374 513 470 558 haberet
506 510 643 572 Compositis
658 511 738 557 deinde
751 512 828 565 rebem,

157 587 230 626 cestre
244 587 303 625 retro
315 574 415 624 murdre
451 578 496 637 Ap·
507 575 620 625 Claudius
628 576 652 622 in
663 575 762 622 Volscos
771 577 829 623 mis-

159 659 203 690 sus.
240 642 336 696 Quintio
354 641 424 701 AEqui
444 641 559 703 provincia
579 636 660 687 euenit.
695 639 785 687 Eadem
801 640 829 690 in

158 705 236 754 militia
251 707 336 754 saevitia
346 706 421 767 Appii,
439 721 491 766 quse
505 705 572 759 domi,
589 721 640 751 ease
653 705 749 758 liberior,
764 705 829 766 qrrod

155 773 206 820 sine
223 771 344 818 tribuniciis
362 770 457 818 vinculis
475 778 529 816 erat.
571 769 653 817 Odisse
670 769 829 832 plebanplun

157 851 224 898 quam
234 843 326 896 paterno
337 835 402 882 odio:
421 851 446 882 se
460 835 544 882 victum
558 835 586 880 ab
598 832 635 881 ed:
654 849 680 880 se
690 835 756 882 unico
771 849 831 882 con·

158 900 207 948 sule
225 901 311 961 objecto
330 901 436 947 adversus
454 900 593 946 tribuniciam
611 906 752 961 potestatem.
776 915 831 962 per-

157 967 225 1012 latam
240 965 314 1028 legem
325 981 389 1022 esse3
406 981 473 1026 quam
483 965 570 1011 minore
579 971 667 1017 conatu
685 961 830 1024 nequiquam
894 1000 895 1013 n

158 1027 221 1077 tantd
232 1028 326 1076 Petrum
337 1045 382 1092 spe,
394 1029 479 1091 priores
488 1029 628 1090 impedierint
635 1029 745 1075 eonmlea
765 1027 830 1077 Hac

77 1141 80 1149 ,
159 1096 192 1142 ira
201 1094 368 1155 indignatioque
377 1093 475 1140 feroce·
483 1094 582 1140 animum
591 1093 620 1140 sd
627 1093 754 1140 vexandum
764 1108 830 1141 saeno

159 1161 252 1221 imperio
270 1159 392 1206 exercitum
414 1158 554 1211 stimulabat:
576 1173 618 1204 nec
636 1155 682 1204 uua
699 1159 723 1204 ri
740 1158 831 1210 domari
894 1192 895 1197 ,

158 1231 258 1287 poteret:
278 1231 365 1271 tentum
379 1231 492 1270 certarnen
505 1223 585 1270 animis
594 1223 733 1269 imbiberant.
768 1221 830 1285 Seg-

159 1289 223 1342 niter,
241 1289 319 1342 odose,
331 1288 479 1350 negligenter,
491 1288 651 1335 contumaciter
659 1288 735 1340 omnia
744 1302 827 1349 agere:

160 1369 201 1401 nec
212 1355 289 1416 pudor,
308 1369 349 1400 nec
359 1360 433 1400 metus
444 1353 565 1399 co'e'roebat.
601 1353 626 1400 Si
637 1352 702 1399 citius
712 1351 750 1414 agi
760 1352 832 1403 vellet

160 1433 249 1482 agmen,
267 1419 350 1465 tardius
365 1419 441 1465 sedulo
453 1417 568 1464 incedere:
588 1417 606 1462 si
616 1417 745 1464 adhortator
755 1418 830 1478 operis

160 1485 253 1537 adesset
271 1499 350 1530 omnes
366 1481 407 1530 sud
422 1490 503 1544 sponte
517 1490 602 1530 motam
619 1481 734 1531 remittere
751 1481 830 1529 unua
894 1486 895 1513 ³

160 1551 238 1597 triam:
252 1550 357 1612 praesenti
368 1548 442 1596 vultus
450 1547 572 1599 demittere,
582 1548 649 1594 tacite
655 1553 831 1607 pretereuntem

161 1615 283 1662 exsecrari:
302 1622 328 1660 ut
342 1614 439 1660 invictus
449 1613 487 1659 ille
496 1612 548 1658 odio
561 1612 646 1674 plebeio
657 1610 745 1658 animus
758 1611 832 1658 inter·

161 1680 214 1727 dum
221 1686 355 1726 moveretur.
375 1677 445 1725 Omni
452 1677 599 1737 nequidquam
605 1677 723 1723 ecerbitate
730 1675 829 1737 monti.

161 1744 216 1790 nihil
229 1745 277 1806 jam
291 1758 343 1788 cum
355 1742 461 1788 militibus
475 1756 556 1802 agerer
575 1756 589 1787 a
601 1741 769 1788 centurionibus
779 1756 832 1786 cor-
894 1758 895 1761 ¹

161 1815 251 1869 ruptum
262 1807 384 1854 exercitum
394 1805 478 1852 dicere:
494 1813 509 1834 ‘⁴
517 1803 711 1869 tribunusplebei”
723 1805 833 1857 cavillans

160 1872 271 1918 interdum
281 1878 305 1916 et
311 1877 332 1914 .“
340 1868 483 1917 Volerones”
494 1885 582 1917 vocare.

194 1933 263 1982 LIX.
277 1934 341 1981 Nibil
351 1950 428 1982 eorum
436 1933 516 1981 Volsci
523 1935 664 1990 nesciebant3
674 1933 834 1996 instabantque

155 2016 189 2048 ,eo
206 2000 284 2060 magis,
303 2007 422 2061 sperantes,
439 1998 499 2047 idem
515 2007 628 2046 certamen
646 1999 771 2046 animorum
791 2000 833 2049 sd·
894 2002 895 2005 ’

162 2079 240 2112 versus
250 2063 349 2126 Appium
357 2064 483 2116 habiturum
491 2064 613 2112 exercitum
620 2063 758 2118 Romanum,
769 2065 834 2125 quod

162 2129 268 2176 adversm
292 2127 386 2175 Febium
411 2129 526 2178 considera
552 2129 670 2174 habuisset.
714 2126 833 2176 casem

161 2194 233 2240 mirlto
244 2193 325 2254 Appio,
343 2208 408 2254 quem
418 2192 495 2247 Fabio,
512 2192 631 2240 violentior
636 2191 692 2239 fuit:
712 2207 759 2239 non
769 2195 834 2240 errirn

161 2260 252 2305 virscere
270 2265 357 2304 tanturn
377 2256 453 2310 noluit,
476 2261 502 2305 ist
520 2257 632 2305 Fabianus
650 2258 769 2310 exercitus,
791 2259 833 2306 sed

162 2323 221 2370 vinei
238 2323 314 2370 voluit.
357 2322 483 2370 Productus
498 2323 522 2368 in
538 2322 609 2369 aciern
628 2323 686 2384 turpi
702 2319 759 2384 lugd
774 2325 835 2384 petit.

162 2394 250 2445 castra3
268 2403 309 2434 nec
320 2396 372 2434 ente
382 2388 469 2442 restitit,
482 2403 548 2448 quam
556 2387 761 2449 sigusinfcrentem
771 2385 833 2448 Vol-

162 2468 225 2500 scum
242 2453 385 2500 munimentis
400 2453 462 2506 vidit,
478 2451 607 2513 fredamque
622 2452 717 2498 extremi
733 2452 834 2514 egmiuis

162 2516 253 2564 caedem.
289 2516 350 2564 Tum
360 2532 465 2579 expressa
475 2518 509 2564 vis
519 2517 547 2563 ed
557 2516 710 2579 pugnandum,
722 2524 748 2562 ut
758 2517 834 2564 victor

158 2583 206 2644 jam
220 2599 234 2630 a
247 2583 306 2630 vallo
321 2584 489 2630 submoveretur
502 2582 588 2638 bostis;
605 2581 659 2628 satis
673 2589 749 2629 umen
763 2596 831 2643 app*

162 2656 229 2708 reret*
245 2649 293 2712 cepi
304 2655 390 2698 tantum
401 2655 475 2696 cesus
480 2645 715 2698 autealtommrm
720 2646 832 2700 noluisse
